<?xml version="1.0" encoding="UTF-8"?>
<!DOCTYPE html PUBLIC "-//W3C//DTD XHTML 1.0 Transitional//EN"
    "http://www.w3.org/TR/xhtml1/DTD/xhtml1-transitional.dtd">
<html xmlns="http://www.w3.org/1999/xhtml" xml:lang="en" lang="en">
 <head>
  <title>
</title>
<meta http-equiv="Content-Type" content="text/html;charset=utf-8" />
  <meta name='ocr-system' content='tesseract 3.04.00' />
  <meta name='ocr-capabilities' content='ocr_page ocr_carea ocr_par ocr_line ocrx_word'/>
</head>
<body>
  <div class='ocr_page' id='page_1' title='image "4764216_0038.png"; bbox 0 0 2667 3345; ppageno 0'>
   <div class='ocr_carea' id='block_1_1' title="bbox 0 160 640 690">
    <p class='ocr_par' dir='ltr' id='par_1_1' title="bbox 0 160 640 690">
     <span class='ocr_line' id='line_1_1' title="bbox 0 160 640 352; baseline 0 -54"><span class='ocrx_word' id='word_1_1' title='bbox 0 160 640 352; x_wconf 95' lang='lat' dir='ltr'><strong>   </strong></span> 
     </span>
     <span class='ocr_line' id='line_1_2' title="bbox 0 352 408 415; baseline 0 -55"><span class='ocrx_word' id='word_1_2' title='bbox 0 352 408 415; x_wconf 95' lang='lat' dir='ltr'><strong>  </strong></span> 
     </span>
     <span class='ocr_line' id='line_1_3' title="bbox 0 415 183 618; baseline 0 -64"><span class='ocrx_word' id='word_1_3' title='bbox 0 415 183 618; x_wconf 95' lang='lat' dir='ltr'><strong>    </strong></span> 
     </span>
     <span class='ocr_line' id='line_1_4' title="bbox 0 618 64 690; baseline 0 2655"><span class='ocrx_word' id='word_1_4' title='bbox 0 618 64 690; x_wconf 95' lang='lat' dir='ltr'><strong> </strong></span> 
     </span>
    </p>
   </div>
   <div class='ocr_carea' id='block_1_2' title="bbox 132 190 2471 3011">
    <p class='ocr_par' dir='ltr' id='par_1_2' title="bbox 144 190 2465 457">
     <span class='ocr_line' id='line_1_5' title="bbox 315 190 2465 261; baseline -0.003 -7"><span class='ocrx_word' id='word_1_5' title='bbox 315 252 317 254; x_wconf 78' lang='grc'>,</span> <span class='ocrx_word' id='word_1_6' title='bbox 370 245 401 261; x_wconf 64' lang='lat'>‚</span> <span class='ocrx_word' id='word_1_7' title='bbox 485 200 519 227; x_wconf 70' lang='lat'><strong><em>²</em></strong></span> <span class='ocrx_word' id='word_1_8' title='bbox 575 195 577 198; x_wconf 82' lang='grc'><strong>’</strong></span> <span class='ocrx_word' id='word_1_9' title='bbox 632 193 1006 251; x_wconf 49' lang='grc' dir='ltr'>λιι-..βοὴ</span> <span class='ocrx_word' id='word_1_10' title='bbox 1033 193 1090 237; x_wconf 67' lang='lat'><strong>51·</strong></span> <span class='ocrx_word' id='word_1_11' title='bbox 1115 190 1522 247; x_wconf 48' lang='lat' dir='ltr'><strong>:fflmx</strong></span> <span class='ocrx_word' id='word_1_12' title='bbox 1552 190 2217 249; x_wconf 50' lang='lat' dir='ltr'><strong>mmmmm</strong></span> <span class='ocrx_word' id='word_1_13' title='bbox 2233 199 2465 251; x_wconf 60' lang='lat' dir='ltr'><strong>sem</strong></span> 
     </span>
     <span class='ocr_line' id='line_1_6' title="bbox 435 255 2465 321; baseline -0.001 -14.174"><span class='ocrx_word' id='word_1_14' title='bbox 435 255 746 318; x_wconf 60' lang='lat' dir='ltr'><strong>madulanum</strong></span> <span class='ocrx_word' id='word_1_15' title='bbox 770 265 816 305; x_wconf 88' lang='lat' dir='ltr'><strong>ct</strong></span> <span class='ocrx_word' id='word_1_16' title='bbox 841 260 1055 316; x_wconf 70' lang='grc' dir='ltr'><strong><em>νίψασθαι</em></strong></span> <span class='ocrx_word' id='word_1_17' title='bbox 1071 262 1132 302; x_wconf 82' lang='lat' dir='ltr'><strong>ita</strong></span> <span class='ocrx_word' id='word_1_18' title='bbox 1151 260 1350 314; x_wconf 71' lang='lat' dir='ltr'><strong>dilerre,</strong></span> <span class='ocrx_word' id='word_1_19' title='bbox 1366 262 1431 302; x_wconf 80' lang='lat' dir='ltr'><strong>ut</strong></span> <span class='ocrx_word' id='word_1_20' title='bbox 1453 258 1581 303; x_wconf 68' lang='lat' dir='ltr'><strong>ill-d</strong></span> <span class='ocrx_word' id='word_1_21' title='bbox 1589 258 1862 305; x_wconf 68' lang='lat' dir='ltr'><strong>solun-odo</strong></span> <span class='ocrx_word' id='word_1_22' title='bbox 1871 261 1946 305; x_wconf 74' lang='lat' dir='ltr'><strong>ide</strong></span> <span class='ocrx_word' id='word_1_23' title='bbox 1941 263 2264 321; x_wconf 47' lang='lat' dir='ltr'><strong>-padibusffuc</strong></span> <span class='ocrx_word' id='word_1_24' title='bbox 2268 263 2465 319; x_wconf 51' lang='lat' dir='ltr'><strong>verm</strong></span> 
     </span>
     <span class='ocr_line' id='line_1_7' title="bbox 144 291 2464 432; baseline 0.002 -60"><span class='ocrx_word' id='word_1_25' title='bbox 144 356 168 361; x_wconf 90' lang='lat'><em>-</em></span> <span class='ocrx_word' id='word_1_26' title='bbox 390 330 768 386; x_wconf 61' lang='grc' dir='ltr'>..ηψπειι</span> <span class='ocrx_word' id='word_1_27' title='bbox 818 329 958 371; x_wconf 83' lang='lat' dir='ltr'><strong>Visne</strong></span> <span class='ocrx_word' id='word_1_28' title='bbox 991 327 1107 371; x_wconf 78' lang='lat' dir='ltr'><strong>locos</strong></span> <span class='ocrx_word' id='word_1_29' title='bbox 1137 324 1411 373; x_wconf 66' lang='lat' dir='ltr'><strong>canturi-m</strong></span> <span class='ocrx_word' id='word_1_30' title='bbox 1424 328 1766 373; x_wconf 67' lang='lat' dir='ltr'><strong>demonstrantes</strong></span> <span class='ocrx_word' id='word_1_31' title='bbox 1789 327 2083 432; x_wconf 62' lang='lat' dir='ltr'><strong>expromat-8</strong></span> <span class='ocrx_word' id='word_1_32' title='bbox 2091 332 2212 382; x_wconf 58' lang='lat' dir='ltr'><strong>ln</strong></span> <span class='ocrx_word' id='word_1_33' title='bbox 2221 291 2336 384; x_wconf 74' lang='lat' dir='ltr'><strong>inihi</strong></span> <span class='ocrx_word' id='word_1_34' title='bbox 2349 343 2464 378; x_wconf 76' lang='lat' dir='ltr'><strong>com-</strong></span> 
     </span>
     <span class='ocr_line' id='line_1_8' title="bbox 132 384 1471 473; baseline -0.002 -32.91"><span class='ocrx_word' id='word_1_35' title='bbox 132 384 1248 473; x_wconf 52' lang='lat' dir='ltr'><strong>meaeffiw,XXH4⁷8.</strong></span> <span class='ocrx_word' id='word_1_36' title='bbox 1354 433 1357 436; x_wconf 79' lang='grc'><strong><em>,</em></strong></span> <span class='ocrx_word' id='word_1_37' title='bbox 1441 434 1471 438; x_wconf 22' lang='grc' dir='ltr'><strong>Α,</strong></span> 
     </span>
    </p>

    <p class='ocr_par' dir='ltr' id='par_1_3' title="bbox 181 421 2462 993">
     <span class='ocr_line' id='line_1_9' title="bbox 181 421 2462 523; baseline 0.002 -19"><span class='ocrx_word' id='word_1_38' title='bbox 181 464 293 521; x_wconf 51' lang='lat' dir='ltr'><strong>„js</strong></span> <span class='ocrx_word' id='word_1_39' title='bbox 309 464 382 511; x_wconf 63' lang='grc' dir='ltr'><strong>Ὺ,</strong></span> <span class='ocrx_word' id='word_1_40' title='bbox 390 466 499 508; x_wconf 77' lang='grc'><strong>18</strong></span> <span class='ocrx_word' id='word_1_41' title='bbox 525 462 654 515; x_wconf 70' lang='lat' dir='ltr'><strong>Quod</strong></span> <span class='ocrx_word' id='word_1_42' title='bbox 683 476 892 505; x_wconf 74' lang='grc' dir='ltr'><strong><em>τανυειν</em></strong></span> <span class='ocrx_word' id='word_1_43' title='bbox 918 466 963 505; x_wconf 90' lang='lat' dir='ltr'><strong>et</strong></span> <span class='ocrx_word' id='word_1_44' title='bbox 993 463 1102 504; x_wconf 81' lang='lat' dir='ltr'><strong>alias</strong></span> <span class='ocrx_word' id='word_1_45' title='bbox 1136 460 1415 507; x_wconf 67' lang='grc' dir='ltr'><strong><em>τιταίνων</em></strong></span> <span class='ocrx_word' id='word_1_46' title='bbox 1433 464 1527 508; x_wconf 77' lang='lat' dir='ltr'><strong>loco</strong></span> <span class='ocrx_word' id='word_1_47' title='bbox 1550 428 1798 521; x_wconf 53' lang='grc' dir='ltr'>προτιθέὺαι</span> <span class='ocrx_word' id='word_1_48' title='bbox 1822 466 1983 521; x_wconf 61' lang='lat'><strong>(112),</strong></span> <span class='ocrx_word' id='word_1_49' title='bbox 2008 421 2287 519; x_wconf 57' lang='grc' dir='ltr'><strong>παρατιθέναι</strong></span> <span class='ocrx_word' id='word_1_50' title='bbox 2309 468 2462 523; x_wconf 71' lang='lat' dir='ltr'><strong>(VHI,</strong></span> 
     </span>
     <span class='ocr_line' id='line_1_10' title="bbox 183 524 2460 588; baseline 0.002 -16"><span class='ocrx_word' id='word_1_51' title='bbox 183 532 308 583; x_wconf 58' lang='lat' dir='ltr'><em>m</em></span> <span class='ocrx_word' id='word_1_52' title='bbox 329 535 390 577; x_wconf 62' lang='grc' dir='ltr'><strong><em>α</em></strong></span> <span class='ocrx_word' id='word_1_53' title='bbox 396 524 720 585; x_wconf 60' lang='grc' dir='ltr'><strong>ὢνπραιάλλειν</strong></span> <span class='ocrx_word' id='word_1_54' title='bbox 746 532 824 579; x_wconf 85' lang='grc' dir='ltr'><strong>(Π.</strong></span> <span class='ocrx_word' id='word_1_55' title='bbox 852 532 932 585; x_wconf 87' lang='lat' dir='ltr'><strong>XI,</strong></span> <span class='ocrx_word' id='word_1_56' title='bbox 960 533 1070 579; x_wconf 72' lang='lat'>628)</span> <span class='ocrx_word' id='word_1_57' title='bbox 1096 531 1150 572; x_wconf 91' lang='lat' dir='ltr'><strong>de</strong></span> <span class='ocrx_word' id='word_1_58' title='bbox 1178 533 1341 575; x_wconf 81' lang='lat' dir='ltr'><strong>mensis</strong></span> <span class='ocrx_word' id='word_1_59' title='bbox 1374 532 1551 588; x_wconf 85' lang='lat' dir='ltr'><strong>dicitur,</strong></span> <span class='ocrx_word' id='word_1_60' title='bbox 1594 545 1652 575; x_wconf 86' lang='lat' dir='ltr'><strong>ex</strong></span> <span class='ocrx_word' id='word_1_61' title='bbox 1682 545 1734 575; x_wconf 88' lang='lat' dir='ltr'><strong>eo</strong></span> <span class='ocrx_word' id='word_1_62' title='bbox 1759 533 1971 576; x_wconf 72' lang='lat' dir='ltr'><strong>concludit</strong></span> <span class='ocrx_word' id='word_1_63' title='bbox 1999 532 2270 580; x_wconf 46' lang='lat' dir='ltr'><strong>Euanthius</strong></span> <span class='ocrx_word' id='word_1_64' title='bbox 2280 534 2337 581; x_wconf 79' lang='lat' dir='ltr'><strong>ad</strong></span> <span class='ocrx_word' id='word_1_65' title='bbox 2362 535 2405 577; x_wconf 74' lang='lat' dir='ltr'><strong>h.</strong></span> <span class='ocrx_word' id='word_1_66' title='bbox 2431 536 2460 577; x_wconf 85' lang='lat' dir='ltr'><strong>l.</strong></span> 
     </span>
     <span class='ocr_line' id='line_1_11' title="bbox 182 590 2460 657; baseline 0 -12"><span class='ocrx_word' id='word_1_67' title='bbox 182 598 339 649; x_wconf 52' lang='lat' dir='ltr'><strong>*aad</strong></span> <span class='ocrx_word' id='word_1_68' title='bbox 339 598 420 654; x_wconf 96' lang='lat' dir='ltr'>L</span> <span class='ocrx_word' id='word_1_69' title='bbox 428 600 514 642; x_wconf 77' lang='lat'><strong>845</strong></span> <span class='ocrx_word' id='word_1_70' title='bbox 523 610 610 641; x_wconf 77' lang='lat' dir='ltr'><strong>eas</strong></span> <span class='ocrx_word' id='word_1_71' title='bbox 625 590 870 653; x_wconf 70' lang='grc' dir='ltr'><strong>προμήκεις,</strong></span> <span class='ocrx_word' id='word_1_72' title='bbox 896 596 1188 648; x_wconf 53' lang='lat' dir='ltr'><strong>mamm</strong></span> <span class='ocrx_word' id='word_1_73' title='bbox 1204 596 1412 654; x_wconf 71' lang='grc' dir='ltr'><strong>εἰςμῆκος</strong></span> <span class='ocrx_word' id='word_1_74' title='bbox 1427 601 1585 657; x_wconf 81' lang='lat' dir='ltr'><strong>fuisse,</strong></span> <span class='ocrx_word' id='word_1_75' title='bbox 1612 603 1681 644; x_wconf 91' lang='lat' dir='ltr'><strong>cui</strong></span> <span class='ocrx_word' id='word_1_76' title='bbox 1706 603 1909 644; x_wconf 82' lang='lat' dir='ltr'><strong>assentiri</strong></span> <span class='ocrx_word' id='word_1_77' title='bbox 1937 602 2089 646; x_wconf 80' lang='lat' dir='ltr'><strong>nullus</strong></span> <span class='ocrx_word' id='word_1_78' title='bbox 2112 601 2276 646; x_wconf 67' lang='lat' dir='ltr'><strong>dubito.⁵</strong></span> <span class='ocrx_word' id='word_1_79' title='bbox 2295 602 2460 650; x_wconf 70' lang='lat' dir='ltr'><strong>Ruina-</strong></span> 
     </span>
     <span class='ocr_line' id='line_1_12' title="bbox 185 664 2461 725; baseline 0 -15"><span class='ocrx_word' id='word_1_80' title='bbox 185 665 312 716; x_wconf 52' lang='lat' dir='ltr'><strong>m&amp;</strong></span> <span class='ocrx_word' id='word_1_81' title='bbox 325 667 441 711; x_wconf 77' lang='lat' dir='ltr'><strong>enim</strong></span> <span class='ocrx_word' id='word_1_82' title='bbox 470 678 736 720; x_wconf 83' lang='lat' dir='ltr'><strong>mensarum,</strong></span> <span class='ocrx_word' id='word_1_83' title='bbox 763 666 808 706; x_wconf 88' lang='lat' dir='ltr'><strong>in</strong></span> <span class='ocrx_word' id='word_1_84' title='bbox 840 664 994 717; x_wconf 81' lang='lat' dir='ltr'><strong>quibus</strong></span> <span class='ocrx_word' id='word_1_85' title='bbox 1021 665 1332 724; x_wconf 67' lang='lat' dir='ltr'><strong>epulabantur,</strong></span> <span class='ocrx_word' id='word_1_86' title='bbox 1358 668 1533 711; x_wconf 80' lang='lat' dir='ltr'><strong>fomam</strong></span> <span class='ocrx_word' id='word_1_87' title='bbox 1552 669 1712 725; x_wconf 84' lang='lat' dir='ltr'><strong>fuisse,</strong></span> <span class='ocrx_word' id='word_1_88' title='bbox 1739 681 1826 711; x_wconf 90' lang='lat' dir='ltr'><strong>non</strong></span> <span class='ocrx_word' id='word_1_89' title='bbox 1854 669 1994 711; x_wconf 86' lang='lat' dir='ltr'><strong>solum</strong></span> <span class='ocrx_word' id='word_1_90' title='bbox 2020 679 2084 714; x_wconf 79' lang='lat' dir='ltr'><strong>,ex</strong></span> <span class='ocrx_word' id='word_1_91' title='bbox 2111 669 2291 722; x_wconf 75' lang='lat' dir='ltr'><strong>propria.</strong></span> <span class='ocrx_word' id='word_1_92' title='bbox 2310 668 2461 719; x_wconf 64' lang='lat' dir='ltr'><strong>herm</strong></span> 
     </span>
     <span class='ocr_line' id='line_1_13' title="bbox 183 731 2461 791; baseline 0 -13"><span class='ocrx_word' id='word_1_93' title='bbox 183 735 763 789; x_wconf 62' lang='lat' dir='ltr'><strong>verboru-signifiatione</strong></span> <span class='ocrx_word' id='word_1_94' title='bbox 794 733 945 788; x_wconf 82' lang='lat' dir='ltr'><strong>liquet,</strong></span> <span class='ocrx_word' id='word_1_95' title='bbox 975 734 1054 775; x_wconf 88' lang='lat' dir='ltr'><strong>sed</strong></span> <span class='ocrx_word' id='word_1_96' title='bbox 1086 735 1211 776; x_wconf 84' lang='lat' dir='ltr'><strong>etiam</strong></span> <span class='ocrx_word' id='word_1_97' title='bbox 1246 735 1512 779; x_wconf 68' lang='lat' dir='ltr'><strong>derivatione</strong></span> <span class='ocrx_word' id='word_1_98' title='bbox 1539 739 1660 779; x_wconf 88' lang='lat' dir='ltr'><strong>vocis</strong></span> <span class='ocrx_word' id='word_1_99' title='bbox 1687 731 1893 791; x_wconf 77' lang='grc' dir='ltr'><strong>τράπεζα,</strong></span> <span class='ocrx_word' id='word_1_100' title='bbox 1917 737 1974 779; x_wconf 88' lang='lat' dir='ltr'><strong>de</strong></span> <span class='ocrx_word' id='word_1_101' title='bbox 1995 746 2095 790; x_wconf 11' lang='lat' dir='ltr'><strong>&#39;qua</strong></span> <span class='ocrx_word' id='word_1_102' title='bbox 2114 736 2383 779; x_wconf 76' lang='lat' dir='ltr'><strong>Eustathium</strong></span> <span class='ocrx_word' id='word_1_103' title='bbox 2405 736 2461 779; x_wconf 81' lang='lat' dir='ltr'><strong>ad</strong></span> 
     </span>
     <span class='ocr_line' id='line_1_14' title="bbox 183 801 2461 860; baseline -0 -15"><span class='ocrx_word' id='word_1_104' title='bbox 183 803 461 858; x_wconf 47' lang='lat' dir='ltr'><strong>mstdeas,</strong></span> <span class='ocrx_word' id='word_1_105' title='bbox 475 834 483 841; x_wconf 86' lang='grc'><em>,</em></span> <span class='ocrx_word' id='word_1_106' title='bbox 499 806 548 844; x_wconf 78' lang='lat' dir='ltr'><strong>ct</strong></span> <span class='ocrx_word' id='word_1_107' title='bbox 577 802 816 844; x_wconf 56' lang='lat' dir='ltr'><strong>teoe&#39;unonio</strong></span> <span class='ocrx_word' id='word_1_108' title='bbox 849 801 1290 859; x_wconf 65' lang='lat' dir='ltr'><strong>abssographorm,</strong></span> <span class='ocrx_word' id='word_1_109' title='bbox 1320 806 1471 858; x_wconf 87' lang='lat' dir='ltr'><strong>quihus</strong></span> <span class='ocrx_word' id='word_1_110' title='bbox 1507 807 1743 848; x_wconf 82' lang='lat' dir='ltr'><strong>Varronem</strong></span> <span class='ocrx_word' id='word_1_111' title='bbox 1778 806 1832 847; x_wconf 90' lang='lat' dir='ltr'><strong>de</strong></span> <span class='ocrx_word' id='word_1_112' title='bbox 1868 806 1977 859; x_wconf 72' lang='lat' dir='ltr'><strong>ling.v</strong></span> <span class='ocrx_word' id='word_1_113' title='bbox 2003 805 2078 845; x_wconf 80' lang='lat' dir='ltr'><strong>lat.</strong></span> <span class='ocrx_word' id='word_1_114' title='bbox 2113 804 2172 860; x_wconf 81' lang='lat' dir='ltr'><strong>V,</strong></span> <span class='ocrx_word' id='word_1_115' title='bbox 2195 807 2250 845; x_wconf 75' lang='lat'><strong>25</strong></span> <span class='ocrx_word' id='word_1_116' title='bbox 2263 804 2461 851; x_wconf 66' lang='lat' dir='ltr'><strong>⁴adiicere</strong></span> 
     </span>
     <span class='ocr_line' id='line_1_15' title="bbox 187 871 2459 928; baseline 0 -13"><span class='ocrx_word' id='word_1_117' title='bbox 187 874 337 927; x_wconf 80' lang='lat' dir='ltr'><strong>potes,</strong></span> <span class='ocrx_word' id='word_1_118' title='bbox 379 871 634 924; x_wconf 75' lang='lat' dir='ltr'><strong>ostenditur,</strong></span> <span class='ocrx_word' id='word_1_119' title='bbox 680 871 752 924; x_wconf 88' lang='lat' dir='ltr'><strong>qui</strong></span> <span class='ocrx_word' id='word_1_120' title='bbox 788 881 936 913; x_wconf 89' lang='lat' dir='ltr'><strong>omnes</strong></span> <span class='ocrx_word' id='word_1_121' title='bbox 967 872 1012 912; x_wconf 91' lang='lat' dir='ltr'><strong>in</strong></span> <span class='ocrx_word' id='word_1_122' title='bbox 1059 882 1110 913; x_wconf 91' lang='lat' dir='ltr'><strong>eo</strong></span> <span class='ocrx_word' id='word_1_123' title='bbox 1151 874 1442 928; x_wconf 86' lang='lat' dir='ltr'><strong>consentiunt,</strong></span> <span class='ocrx_word' id='word_1_124' title='bbox 1470 876 1516 915; x_wconf 88' lang='lat' dir='ltr'><strong>ut</strong></span> <span class='ocrx_word' id='word_1_125' title='bbox 1559 872 1723 927; x_wconf 83' lang='lat' dir='ltr'><strong>dicant,</strong></span> <span class='ocrx_word' id='word_1_126' title='bbox 1760 872 1951 913; x_wconf 86' lang='lat' dir='ltr'><strong>escarias</strong></span> <span class='ocrx_word' id='word_1_127' title='bbox 1981 881 2153 915; x_wconf 88' lang='lat' dir='ltr'><strong>mensas</strong></span> <span class='ocrx_word' id='word_1_128' title='bbox 2187 871 2331 925; x_wconf 82' lang='lat' dir='ltr'><strong>prisco</strong></span> <span class='ocrx_word' id='word_1_129' title='bbox 2350 883 2459 915; x_wconf 78' lang='lat' dir='ltr'><strong>aevo</strong></span> 
     </span>
     <span class='ocr_line' id='line_1_16' title="bbox 186 938 2282 993; baseline -0 -14"><span class='ocrx_word' id='word_1_130' title='bbox 186 939 418 992; x_wconf 74' lang='lat' dir='ltr'><strong>quadratas</strong></span> <span class='ocrx_word' id='word_1_131' title='bbox 449 942 493 978; x_wconf 86' lang='lat' dir='ltr'><strong>et</strong></span> <span class='ocrx_word' id='word_1_132' title='bbox 526 939 760 992; x_wconf 77' lang='lat' dir='ltr'><strong>oblongas,</strong></span> <span class='ocrx_word' id='word_1_133' title='bbox 788 940 957 979; x_wconf 87' lang='lat' dir='ltr'><strong>minime</strong></span> <span class='ocrx_word' id='word_1_134' title='bbox 988 950 1117 991; x_wconf 86' lang='lat' dir='ltr'><strong>vero,</strong></span> <span class='ocrx_word' id='word_1_135' title='bbox 1145 943 1191 979; x_wconf 83' lang='lat' dir='ltr'><strong>ut</strong></span> <span class='ocrx_word' id='word_1_136' title='bbox 1219 944 1368 993; x_wconf 83' lang='lat' dir='ltr'><strong>postea</strong></span> <span class='ocrx_word' id='word_1_137' title='bbox 1397 940 1654 980; x_wconf 83' lang='lat' dir='ltr'><strong>consuetudo</strong></span> <span class='ocrx_word' id='word_1_138' title='bbox 1681 938 1870 989; x_wconf 75' lang='lat' dir='ltr'><strong>ferebat,</strong></span> <span class='ocrx_word' id='word_1_139' title='bbox 1898 938 2101 978; x_wconf 84' lang='lat' dir='ltr'><strong>rotundas</strong></span> <span class='ocrx_word' id='word_1_140' title='bbox 2132 938 2282 981; x_wconf 80' lang='lat' dir='ltr'><strong>fuisse.</strong></span> 
     </span>
    </p>

    <p class='ocr_par' dir='ltr' id='par_1_4' title="bbox 175 1005 2464 2137">
     <span class='ocr_line' id='line_1_17' title="bbox 295 1005 2460 1061; baseline 0.001 -15"><span class='ocrx_word' id='word_1_141' title='bbox 295 1006 348 1047; x_wconf 84' lang='lat' dir='ltr'><strong>V.</strong></span> <span class='ocrx_word' id='word_1_142' title='bbox 378 1007 458 1047; x_wconf 97' lang='grc'><strong>140</strong></span> <span class='ocrx_word' id='word_1_143' title='bbox 482 1027 508 1037; x_wconf 95' lang='grc'>-</span> <span class='ocrx_word' id='word_1_144' title='bbox 536 1007 628 1047; x_wconf 72' lang='lat'><strong>142.</strong></span> <span class='ocrx_word' id='word_1_145' title='bbox 675 1006 887 1061; x_wconf 80' lang='lat' dir='ltr'><strong>Wolfius,</strong></span> <span class='ocrx_word' id='word_1_146' title='bbox 934 1010 1166 1060; x_wconf 86' lang='lat' dir='ltr'><strong>praeeunte</strong></span> <span class='ocrx_word' id='word_1_147' title='bbox 1201 1007 1423 1049; x_wconf 81' lang='lat' dir='ltr'><strong>Athenaeo</strong></span> <span class='ocrx_word' id='word_1_148' title='bbox 1461 1007 1542 1061; x_wconf 86' lang='lat' dir='ltr'><strong>(V,</strong></span> <span class='ocrx_word' id='word_1_149' title='bbox 1568 1010 1648 1059; x_wconf 79' lang='lat'><strong>4),</strong></span> <span class='ocrx_word' id='word_1_150' title='bbox 1677 1018 1833 1048; x_wconf 87' lang='lat' dir='ltr'><strong>versus</strong></span> <span class='ocrx_word' id='word_1_151' title='bbox 1867 1007 1941 1047; x_wconf 87' lang='grc'><strong>141</strong></span> <span class='ocrx_word' id='word_1_152' title='bbox 1975 1008 2020 1047; x_wconf 92' lang='lat' dir='ltr'><strong>et</strong></span> <span class='ocrx_word' id='word_1_153' title='bbox 2057 1007 2135 1047; x_wconf 73' lang='lat'><strong>142</strong></span> <span class='ocrx_word' id='word_1_154' title='bbox 2161 1009 2208 1048; x_wconf 90' lang='lat' dir='ltr'><strong>ut</strong></span> <span class='ocrx_word' id='word_1_155' title='bbox 2236 1005 2333 1048; x_wconf 89' lang='lat' dir='ltr'><strong>huic</strong></span> <span class='ocrx_word' id='word_1_156' title='bbox 2369 1006 2460 1049; x_wconf 89' lang='lat' dir='ltr'><strong>loco</strong></span> 
     </span>
     <span class='ocr_line' id='line_1_18' title="bbox 183 1072 2460 1131; baseline 0 -16"><span class='ocrx_word' id='word_1_157' title='bbox 183 1072 471 1115; x_wconf 67' lang='lat' dir='ltr'><strong>alienissimos</strong></span> <span class='ocrx_word' id='word_1_158' title='bbox 501 1073 625 1117; x_wconf 85' lang='lat' dir='ltr'><strong>uncis</strong></span> <span class='ocrx_word' id='word_1_159' title='bbox 654 1073 854 1131; x_wconf 70' lang='lat' dir='ltr'><strong>inclusit,</strong></span> <span class='ocrx_word' id='word_1_160' title='bbox 897 1086 1069 1128; x_wconf 90' lang='lat' dir='ltr'><strong>quorum</strong></span> <span class='ocrx_word' id='word_1_161' title='bbox 1104 1073 1380 1128; x_wconf 78' lang='lat' dir='ltr'><strong>patrocinium</strong></span> <span class='ocrx_word' id='word_1_162' title='bbox 1419 1083 1475 1114; x_wconf 81' lang='lat' dir='ltr'><strong>ex</strong></span> <span class='ocrx_word' id='word_1_163' title='bbox 1502 1073 1715 1114; x_wconf 88' lang='lat' dir='ltr'><strong>contrario</strong></span> <span class='ocrx_word' id='word_1_164' title='bbox 1754 1072 2032 1126; x_wconf 80' lang='lat' dir='ltr'><strong>Nitzschius,</strong></span> <span class='ocrx_word' id='word_1_165' title='bbox 2064 1075 2318 1127; x_wconf 75' lang='lat' dir='ltr'><strong>argumenta</strong></span> <span class='ocrx_word' id='word_1_166' title='bbox 2348 1073 2460 1115; x_wconf 85' lang='lat' dir='ltr'><strong>haud</strong></span> 
     </span>
     <span class='ocr_line' id='line_1_19' title="bbox 183 1139 2461 1197; baseline -0 -14"><span class='ocrx_word' id='word_1_167' title='bbox 183 1141 430 1195; x_wconf 84' lang='lat' dir='ltr'><strong>spernenda</strong></span> <span class='ocrx_word' id='word_1_168' title='bbox 457 1142 707 1197; x_wconf 83' lang='lat' dir='ltr'><strong>proferens,</strong></span> <span class='ocrx_word' id='word_1_169' title='bbox 740 1144 941 1197; x_wconf 85' lang='lat' dir='ltr'><strong>suscepit.</strong></span> <span class='ocrx_word' id='word_1_170' title='bbox 993 1143 1121 1191; x_wconf 50' lang='lat' dir='ltr'><strong>Idem¹</strong></span> <span class='ocrx_word' id='word_1_171' title='bbox 1130 1152 1234 1181; x_wconf 89' lang='lat' dir='ltr'><strong>vero</strong></span> <span class='ocrx_word' id='word_1_172' title='bbox 1267 1141 1336 1181; x_wconf 90' lang='lat' dir='ltr'><strong>hic</strong></span> <span class='ocrx_word' id='word_1_173' title='bbox 1358 1141 1522 1181; x_wconf 89' lang='lat' dir='ltr'><strong>obelum</strong></span> <span class='ocrx_word' id='word_1_174' title='bbox 1554 1141 1747 1195; x_wconf 82' lang='lat' dir='ltr'><strong>sustulit,</strong></span> <span class='ocrx_word' id='word_1_175' title='bbox 1775 1144 1822 1181; x_wconf 92' lang='lat' dir='ltr'><strong>ut</strong></span> <span class='ocrx_word' id='word_1_176' title='bbox 1838 1139 2047 1181; x_wconf 83' lang='lat' dir='ltr'><strong>sublatum</strong></span> <span class='ocrx_word' id='word_1_177' title='bbox 2073 1142 2221 1181; x_wconf 87' lang='lat' dir='ltr'><strong>versui</strong></span> <span class='ocrx_word' id='word_1_178' title='bbox 2251 1143 2352 1195; x_wconf 81' lang='lat'><strong>140,</strong></span> <span class='ocrx_word' id='word_1_179' title='bbox 2380 1152 2461 1182; x_wconf 86' lang='lat' dir='ltr'><strong>ve-</strong></span> 
     </span>
     <span class='ocr_line' id='line_1_20' title="bbox 184 1205 2461 1263; baseline 0.001 -15"><span class='ocrx_word' id='word_1_180' title='bbox 184 1209 265 1249; x_wconf 86' lang='lat' dir='ltr'><strong>luti</strong></span> <span class='ocrx_word' id='word_1_181' title='bbox 301 1209 502 1263; x_wconf 84' lang='lat' dir='ltr'><strong>insititio,</strong></span> <span class='ocrx_word' id='word_1_182' title='bbox 529 1213 778 1263; x_wconf 86' lang='lat' dir='ltr'><strong>apponeret.</strong></span> <span class='ocrx_word' id='word_1_183' title='bbox 831 1208 1036 1261; x_wconf 82' lang='lat' dir='ltr'><strong>Equidem</strong></span> <span class='ocrx_word' id='word_1_184' title='bbox 1068 1219 1173 1248; x_wconf 88' lang='lat' dir='ltr'><strong>vero</strong></span> <span class='ocrx_word' id='word_1_185' title='bbox 1211 1211 1352 1260; x_wconf 88' lang='lat' dir='ltr'><strong>putem</strong></span> <span class='ocrx_word' id='word_1_186' title='bbox 1373 1219 1511 1261; x_wconf 86' lang='lat' dir='ltr'><strong>neque</strong></span> <span class='ocrx_word' id='word_1_187' title='bbox 1543 1211 1677 1262; x_wconf 89' lang='lat' dir='ltr'><strong>hunc,</strong></span> <span class='ocrx_word' id='word_1_188' title='bbox 1717 1219 1857 1260; x_wconf 87' lang='lat' dir='ltr'><strong>neque</strong></span> <span class='ocrx_word' id='word_1_189' title='bbox 1880 1207 1982 1248; x_wconf 87' lang='lat' dir='ltr'><strong>illos</strong></span> <span class='ocrx_word' id='word_1_190' title='bbox 2005 1219 2161 1249; x_wconf 83' lang='lat' dir='ltr'><strong>versus</strong></span> <span class='ocrx_word' id='word_1_191' title='bbox 2187 1205 2461 1260; x_wconf 49' lang='lat' dir='ltr'><strong>proscribe&amp;</strong></span> 
     </span>
     <span class='ocr_line' id='line_1_21' title="bbox 178 1266 2462 1332; baseline 0 -14"><span class='ocrx_word' id='word_1_192' title='bbox 178 1276 267 1318; x_wconf 87' lang='lat' dir='ltr'><strong>-dos</strong></span> <span class='ocrx_word' id='word_1_193' title='bbox 284 1281 340 1319; x_wconf 88' lang='lat' dir='ltr'><strong>et</strong></span> <span class='ocrx_word' id='word_1_194' title='bbox 349 1266 709 1332; x_wconf 62' lang='lat' dir='ltr'><strong>Texpungendos,</strong></span> <span class='ocrx_word' id='word_1_195' title='bbox 750 1282 824 1319; x_wconf 91' lang='lat' dir='ltr'><strong>aut</strong></span> <span class='ocrx_word' id='word_1_196' title='bbox 858 1278 1024 1318; x_wconf 90' lang='lat' dir='ltr'><strong>omnino</strong></span> <span class='ocrx_word' id='word_1_197' title='bbox 1067 1277 1204 1319; x_wconf 89' lang='lat' dir='ltr'><strong>locum</strong></span> <span class='ocrx_word' id='word_1_198' title='bbox 1237 1275 1548 1318; x_wconf 86' lang='lat' dir='ltr'><strong>sollicitandum</strong></span> <span class='ocrx_word' id='word_1_199' title='bbox 1574 1287 1687 1318; x_wconf 86' lang='lat' dir='ltr'><strong>esse.</strong></span> <span class='ocrx_word' id='word_1_200' title='bbox 1741 1275 1793 1316; x_wconf 93' lang='lat' dir='ltr'><strong>In</strong></span> <span class='ocrx_word' id='word_1_201' title='bbox 1827 1277 2008 1319; x_wconf 82' lang='lat' dir='ltr'><strong>mentem</strong></span> <span class='ocrx_word' id='word_1_202' title='bbox 2034 1275 2158 1318; x_wconf 60' lang='lat' dir='ltr'><strong>enim⁴</strong></span> <span class='ocrx_word' id='word_1_203' title='bbox 2177 1275 2462 1318; x_wconf 75' lang='lat' dir='ltr'><strong>revocandum</strong></span> 
     </span>
     <span class='ocr_line' id='line_1_22' title="bbox 179 1342 2459 1400; baseline -0 -13"><span class='ocrx_word' id='word_1_204' title='bbox 179 1345 487 1388; x_wconf 72' lang='lat' dir='ltr'><strong>Telemachum</strong></span> <span class='ocrx_word' id='word_1_205' title='bbox 523 1358 615 1389; x_wconf 88' lang='lat' dir='ltr'><strong>cum</strong></span> <span class='ocrx_word' id='word_1_206' title='bbox 642 1345 808 1400; x_wconf 83' lang='lat' dir='ltr'><strong>hospite</strong></span> <span class='ocrx_word' id='word_1_207' title='bbox 833 1345 879 1387; x_wconf 91' lang='lat' dir='ltr'><strong>in</strong></span> <span class='ocrx_word' id='word_1_208' title='bbox 910 1345 1113 1387; x_wconf 89' lang='lat' dir='ltr'><strong>interiore</strong></span> <span class='ocrx_word' id='word_1_209' title='bbox 1146 1344 1294 1387; x_wconf 92' lang='lat' dir='ltr'><strong>domus</strong></span> <span class='ocrx_word' id='word_1_210' title='bbox 1322 1346 1467 1398; x_wconf 88' lang='lat' dir='ltr'><strong>parte,</strong></span> <span class='ocrx_word' id='word_1_211' title='bbox 1511 1344 1557 1386; x_wconf 88' lang='lat' dir='ltr'><strong>in</strong></span> <span class='ocrx_word' id='word_1_212' title='bbox 1587 1342 1771 1387; x_wconf 86' lang='lat' dir='ltr'><strong>triclinio</strong></span> <span class='ocrx_word' id='word_1_213' title='bbox 1804 1342 2072 1397; x_wconf 78' lang='lat' dir='ltr'><strong>consedisse3</strong></span> <span class='ocrx_word' id='word_1_214' title='bbox 2110 1342 2260 1395; x_wconf 84' lang='lat' dir='ltr'><strong>quihus</strong></span> <span class='ocrx_word' id='word_1_215' title='bbox 2283 1342 2459 1398; x_wconf 73' lang='lat' dir='ltr'><strong>ancilla,</strong></span> 
     </span>
     <span class='ocr_line' id='line_1_23' title="bbox 178 1409 2462 1466; baseline -0.001 -13"><span class='ocrx_word' id='word_1_216' title='bbox 178 1423 298 1465; x_wconf 80' lang='lat' dir='ltr'><strong>-quae</strong></span> <span class='ocrx_word' id='word_1_217' title='bbox 334 1413 508 1453; x_wconf 83' lang='lat' dir='ltr'><strong>cibariis</strong></span> <span class='ocrx_word' id='word_1_218' title='bbox 536 1413 779 1466; x_wconf 86' lang='lat' dir='ltr'><strong>promendis</strong></span> <span class='ocrx_word' id='word_1_219' title='bbox 807 1416 999 1466; x_wconf 89' lang='lat' dir='ltr'><strong>praeest,</strong></span> <span class='ocrx_word' id='word_1_220' title='bbox 1028 1416 1074 1453; x_wconf 90' lang='lat' dir='ltr'><strong>ut</strong></span> <span class='ocrx_word' id='word_1_221' title='bbox 1100 1413 1279 1465; x_wconf 87' lang='lat' dir='ltr'><strong>primum</strong></span> <span class='ocrx_word' id='word_1_222' title='bbox 1310 1423 1385 1452; x_wconf 90' lang='lat' dir='ltr'><strong>eos</strong></span> <span class='ocrx_word' id='word_1_223' title='bbox 1418 1411 1552 1464; x_wconf 89' lang='lat' dir='ltr'><strong>vidit,</strong></span> <span class='ocrx_word' id='word_1_224' title='bbox 1596 1411 1725 1451; x_wconf 88' lang='lat' dir='ltr'><strong>multa</strong></span> <span class='ocrx_word' id='word_1_225' title='bbox 1751 1413 1803 1450; x_wconf 87' lang='lat' dir='ltr'><strong>et·</strong></span> <span class='ocrx_word' id='word_1_226' title='bbox 1821 1411 1944 1449; x_wconf 85' lang='lat' dir='ltr'><strong>varia</strong></span> <span class='ocrx_word' id='word_1_227' title='bbox 1965 1409 2132 1450; x_wconf 68' lang='lat' dir='ltr'><strong>fercula</strong></span> <span class='ocrx_word' id='word_1_228' title='bbox 2163 1412 2305 1458; x_wconf 86' lang='grc'><strong>(140)</strong></span> <span class='ocrx_word' id='word_1_229' title='bbox 2326 1422 2462 1463; x_wconf 86' lang='lat' dir='ltr'><strong>¹prae-</strong></span> 
     </span>
     <span class='ocr_line' id='line_1_24' title="bbox 187 1472 2461 1533; baseline -0 -14"><span class='ocrx_word' id='word_1_230' title='bbox 187 1479 289 1520; x_wconf 80' lang='lat' dir='ltr'><strong>buit.</strong></span> <span class='ocrx_word' id='word_1_231' title='bbox 346 1479 438 1529; x_wconf 79' lang='lat' dir='ltr'><strong>Quo</strong></span> <span class='ocrx_word' id='word_1_232' title='bbox 475 1480 588 1520; x_wconf 84' lang='lat' dir='ltr'><strong>sacto</strong></span> <span class='ocrx_word' id='word_1_233' title='bbox 628 1481 761 1520; x_wconf 88' lang='lat' dir='ltr'><strong>intrat</strong></span> <span class='ocrx_word' id='word_1_234' title='bbox 794 1492 957 1532; x_wconf 84' lang='lat' dir='ltr'><strong>quoque</strong></span> <span class='ocrx_word' id='word_1_235' title='bbox 987 1472 1179 1533; x_wconf 83' lang='grc' dir='ltr'><strong>δαιτρός,</strong></span> <span class='ocrx_word' id='word_1_236' title='bbox 1220 1480 1291 1530; x_wconf 90' lang='lat' dir='ltr'><strong>qui</strong></span> <span class='ocrx_word' id='word_1_237' title='bbox 1328 1480 1546 1530; x_wconf 76' lang='lat' dir='ltr'><strong>postquam</strong></span> <span class='ocrx_word' id='word_1_238' title='bbox 1581 1477 1689 1516; x_wconf 84' lang='lat' dir='ltr'><strong>foris</strong></span> <span class='ocrx_word' id='word_1_239' title='bbox 1733 1476 1991 1516; x_wconf 80' lang='lat' dir='ltr'><strong>ministravit</strong></span> <span class='ocrx_word' id='word_1_240' title='bbox 2017 1516 2021 1520; x_wconf 22' lang='lat' dir='ltr'><strong><em>s</em></strong></span> <span class='ocrx_word' id='word_1_241' title='bbox 2033 1476 2175 1528; x_wconf 83' lang='lat' dir='ltr'><strong>procis</strong></span> <span class='ocrx_word' id='word_1_242' title='bbox 2219 1482 2294 1523; x_wconf 83' lang='lat' dir='ltr'><strong>(v.</strong></span> <span class='ocrx_word' id='word_1_243' title='bbox 2332 1480 2461 1531; x_wconf 73' lang='lat'><strong>118),</strong></span> 
     </span>
     <span class='ocr_line' id='line_1_25' title="bbox 175 1541 2462 1600; baseline -0.001 -12"><span class='ocrx_word' id='word_1_244' title='bbox 175 1545 314 1588; x_wconf 74' lang='lat' dir='ltr'><strong>«etiam</strong></span> <span class='ocrx_word' id='word_1_245' title='bbox 354 1545 608 1588; x_wconf 75' lang='lat' dir='ltr'><strong>Telemcho</strong></span> <span class='ocrx_word' id='word_1_246' title='bbox 646 1545 884 1600; x_wconf 86' lang='lat' dir='ltr'><strong>hospitique</strong></span> <span class='ocrx_word' id='word_1_247' title='bbox 926 1556 1097 1598; x_wconf 83' lang='lat' dir='ltr'><strong>carnem</strong></span> <span class='ocrx_word' id='word_1_248' title='bbox 1141 1544 1317 1596; x_wconf 82' lang='lat' dir='ltr'><strong>apponit</strong></span> <span class='ocrx_word' id='word_1_249' title='bbox 1361 1546 1405 1582; x_wconf 90' lang='lat' dir='ltr'><strong>et</strong></span> <span class='ocrx_word' id='word_1_250' title='bbox 1443 1542 1600 1595; x_wconf 73' lang='lat' dir='ltr'><strong>poeula.</strong></span> <span class='ocrx_word' id='word_1_251' title='bbox 1637 1542 1747 1588; x_wconf 83' lang='grc'><strong>(141</strong></span> <span class='ocrx_word' id='word_1_252' title='bbox 1776 1544 1820 1586; x_wconf 81' lang='lat' dir='ltr'><strong>et</strong></span> <span class='ocrx_word' id='word_1_253' title='bbox 1853 1543 1991 1589; x_wconf 58' lang='grc'><strong>1412)..</strong></span> <span class='ocrx_word' id='word_1_254' title='bbox 2026 1541 2121 1588; x_wconf 78' lang='lat' dir='ltr'><strong>lam</strong></span> <span class='ocrx_word' id='word_1_255' title='bbox 2163 1542 2297 1597; x_wconf 86' lang='lat' dir='ltr'><strong>igitur</strong></span> <span class='ocrx_word' id='word_1_256' title='bbox 2333 1543 2462 1586; x_wconf 79' lang='lat' dir='ltr'><strong>facile</strong></span> 
     </span>
     <span class='ocr_line' id='line_1_26' title="bbox 178 1607 2462 1667; baseline -0.003 -13"><span class='ocrx_word' id='word_1_257' title='bbox 178 1615 332 1667; x_wconf 64' lang='lat' dir='ltr'><strong>potest</strong></span> <span class='ocrx_word' id='word_1_258' title='bbox 366 1614 580 1666; x_wconf 74' lang='lat' dir='ltr'><strong>perspici,</strong></span> <span class='ocrx_word' id='word_1_259' title='bbox 614 1615 753 1652; x_wconf 77' lang='lat' dir='ltr'><strong>omnia</strong></span> <span class='ocrx_word' id='word_1_260' title='bbox 780 1614 863 1651; x_wconf 80' lang='lat' dir='ltr'><strong>sihi</strong></span> <span class='ocrx_word' id='word_1_261' title='bbox 893 1615 1092 1652; x_wconf 80' lang='lat' dir='ltr'><strong>constare</strong></span> <span class='ocrx_word' id='word_1_262' title='bbox 1111 1613 1159 1650; x_wconf 83' lang='lat' dir='ltr'><strong>et</strong></span> <span class='ocrx_word' id='word_1_263' title='bbox 1188 1621 1243 1650; x_wconf 84' lang='lat' dir='ltr'><strong>ex</strong></span> <span class='ocrx_word' id='word_1_264' title='bbox 1284 1608 1512 1649; x_wconf 81' lang='lat' dir='ltr'><strong>Homerica</strong></span> <span class='ocrx_word' id='word_1_265' title='bbox 1538 1607 1840 1649; x_wconf 78' lang='lat' dir='ltr'><strong>consuetudine</strong></span> <span class='ocrx_word' id='word_1_266' title='bbox 1875 1607 1984 1648; x_wconf 76' lang='lat' dir='ltr'><strong>bene</strong></span> <span class='ocrx_word' id='word_1_267' title='bbox 2020 1619 2069 1649; x_wconf 85' lang='lat' dir='ltr'><strong>se</strong></span> <span class='ocrx_word' id='word_1_268' title='bbox 2101 1608 2280 1663; x_wconf 83' lang='lat' dir='ltr'><strong>habere,</strong></span> <span class='ocrx_word' id='word_1_269' title='bbox 2302 1622 2462 1663; x_wconf 78' lang='lat' dir='ltr'><strong>-neque</strong></span> 
     </span>
     <span class='ocr_line' id='line_1_27' title="bbox 176 1675 2464 1731; baseline 0 -14"><span class='ocrx_word' id='word_1_270' title='bbox 176 1681 358 1720; x_wconf 77' lang='lat' dir='ltr'><strong>‚omnino</strong></span> <span class='ocrx_word' id='word_1_271' title='bbox 389 1690 510 1731; x_wconf 88' lang='lat' dir='ltr'><strong>esse,</strong></span> <span class='ocrx_word' id='word_1_272' title='bbox 559 1690 634 1718; x_wconf 87' lang='lat' dir='ltr'><strong>cur</strong></span> <span class='ocrx_word' id='word_1_273' title='bbox 665 1690 775 1718; x_wconf 87' lang='lat' dir='ltr'><strong>unus</strong></span> <span class='ocrx_word' id='word_1_274' title='bbox 807 1678 1010 1730; x_wconf 90' lang='lat' dir='ltr'><strong>pluresve</strong></span> <span class='ocrx_word' id='word_1_275' title='bbox 1034 1688 1190 1717; x_wconf 80' lang='lat' dir='ltr'><strong>versus</strong></span> <span class='ocrx_word' id='word_1_276' title='bbox 1216 1678 1452 1718; x_wconf 80' lang='lat' dir='ltr'><strong>eiiciantur.</strong></span> <span class='ocrx_word' id='word_1_277' title='bbox 1506 1675 1597 1716; x_wconf 80' lang='lat' dir='ltr'><strong>Min</strong></span> <span class='ocrx_word' id='word_1_278' title='bbox 1685 1675 1906 1727; x_wconf 76' lang='lat' dir='ltr'><strong>probabile</strong></span> <span class='ocrx_word' id='word_1_279' title='bbox 1932 1675 2098 1721; x_wconf 82' lang='lat' dir='ltr'><strong>etiamsi</strong></span> <span class='ocrx_word' id='word_1_280' title='bbox 2120 1677 2223 1717; x_wconf 90' lang='lat' dir='ltr'><strong>mihi</strong></span> <span class='ocrx_word' id='word_1_281' title='bbox 2249 1677 2464 1721; x_wconf 66' lang='lat' dir='ltr'><strong>Nitnschii</strong></span> 
     </span>
     <span class='ocr_line' id='line_1_28' title="bbox 189 1742 2461 1800; baseline -0 -12"><span class='ocrx_word' id='word_1_282' title='bbox 189 1746 245 1789; x_wconf 90' lang='lat' dir='ltr'><strong>de</strong></span> <span class='ocrx_word' id='word_1_283' title='bbox 266 1747 348 1789; x_wconf 91' lang='lat' dir='ltr'><strong>hoc</strong></span> <span class='ocrx_word' id='word_1_284' title='bbox 373 1746 466 1788; x_wconf 87' lang='lat' dir='ltr'><strong>loco</strong></span> <span class='ocrx_word' id='word_1_285' title='bbox 494 1745 693 1787; x_wconf 89' lang='lat' dir='ltr'><strong>iudicium</strong></span> <span class='ocrx_word' id='word_1_286' title='bbox 724 1745 922 1800; x_wconf 84' lang='lat' dir='ltr'><strong>videtur,</strong></span> <span class='ocrx_word' id='word_1_287' title='bbox 951 1749 1091 1788; x_wconf 84' lang='lat' dir='ltr'><strong>tamen</strong></span> <span class='ocrx_word' id='word_1_288' title='bbox 1118 1756 1250 1787; x_wconf 91' lang='lat' dir='ltr'><strong>meus·</strong></span> <span class='ocrx_word' id='word_1_289' title='bbox 1268 1743 1433 1785; x_wconf 86' lang='lat' dir='ltr'><strong>animus</strong></span> <span class='ocrx_word' id='word_1_290' title='bbox 1460 1753 1488 1784; x_wconf 91' lang='lat' dir='ltr'><strong>a</strong></span> <span class='ocrx_word' id='word_1_291' title='bbox 1519 1742 1589 1784; x_wconf 86' lang='lat' dir='ltr'><strong>vir</strong></span> <span class='ocrx_word' id='word_1_292' title='bbox 1668 1753 1802 1783; x_wconf 90' lang='lat' dir='ltr'><strong>ummo</strong></span> <span class='ocrx_word' id='word_1_293' title='bbox 1827 1753 2088 1796; x_wconf 82' lang='lat' dir='ltr'><strong>nequaquam</strong></span> <span class='ocrx_word' id='word_1_294' title='bbox 2111 1742 2291 1787; x_wconf 82' lang='lat' dir='ltr'><strong>dissidet</strong></span> <span class='ocrx_word' id='word_1_295' title='bbox 2317 1745 2461 1800; x_wconf 68' lang='lat' dir='ltr'><strong>iweo,</strong></span> 
     </span>
     <span class='ocr_line' id='line_1_29' title="bbox 189 1808 2460 1868; baseline -0.001 -11"><span class='ocrx_word' id='word_1_296' title='bbox 189 1814 302 1868; x_wconf 85' lang='lat' dir='ltr'><strong>quod</strong></span> <span class='ocrx_word' id='word_1_297' title='bbox 337 1813 511 1856; x_wconf 87' lang='lat' dir='ltr'><strong>eosdem</strong></span> <span class='ocrx_word' id='word_1_298' title='bbox 535 1824 564 1854; x_wconf 89' lang='lat' dir='ltr'><strong>a</strong></span> <span class='ocrx_word' id='word_1_299' title='bbox 590 1813 749 1854; x_wconf 87' lang='lat' dir='ltr'><strong>Wolfio</strong></span> <span class='ocrx_word' id='word_1_300' title='bbox 786 1813 1006 1855; x_wconf 86' lang='lat' dir='ltr'><strong>damnatos</strong></span> <span class='ocrx_word' id='word_1_301' title='bbox 1034 1825 1190 1855; x_wconf 86' lang='lat' dir='ltr'><strong>versus</strong></span> <span class='ocrx_word' id='word_1_302' title='bbox 1235 1813 1280 1853; x_wconf 85' lang='lat' dir='ltr'><strong>in</strong></span> <span class='ocrx_word' id='word_1_303' title='bbox 1322 1810 1430 1852; x_wconf 80' lang='lat' dir='ltr'><strong>libro</strong></span> <span class='ocrx_word' id='word_1_304' title='bbox 1467 1812 1640 1863; x_wconf 78' lang='lat' dir='ltr'><strong>quarto,</strong></span> <span class='ocrx_word' id='word_1_305' title='bbox 1682 1808 1753 1850; x_wconf 88' lang='lat' dir='ltr'><strong>ubi</strong></span> <span class='ocrx_word' id='word_1_306' title='bbox 1797 1809 1945 1850; x_wconf 87' lang='lat' dir='ltr'><strong>ordine</strong></span> <span class='ocrx_word' id='word_1_307' title='bbox 1986 1813 2086 1853; x_wconf 87' lang='lat' dir='ltr'><strong>sunt</strong></span> <span class='ocrx_word' id='word_1_308' title='bbox 2116 1811 2220 1854; x_wconf 84' lang='lat' dir='ltr'><strong>Lvu</strong></span> <span class='ocrx_word' id='word_1_309' title='bbox 2249 1815 2293 1853; x_wconf 87' lang='lat' dir='ltr'><strong>et</strong></span> <span class='ocrx_word' id='word_1_310' title='bbox 2318 1813 2460 1868; x_wconf 78' lang='lat' dir='ltr'><strong>Lvru,</strong></span> 
     </span>
     <span class='ocr_line' id='line_1_30' title="bbox 191 1877 2461 1938; baseline -0.002 -13"><span class='ocrx_word' id='word_1_311' title='bbox 191 1882 505 1938; x_wconf 77' lang='lat' dir='ltr'><strong>expungendus</strong></span> <span class='ocrx_word' id='word_1_312' title='bbox 549 1894 648 1923; x_wconf 88' lang='lat' dir='ltr'><strong>esse</strong></span> <span class='ocrx_word' id='word_1_313' title='bbox 689 1882 860 1924; x_wconf 85' lang='lat' dir='ltr'><strong>iudicat.</strong></span> <span class='ocrx_word' id='word_1_314' title='bbox 914 1883 1108 1935; x_wconf 78' lang='lat' dir='ltr'><strong>Namque</strong></span> <span class='ocrx_word' id='word_1_315' title='bbox 1138 1893 1223 1922; x_wconf 90' lang='lat' dir='ltr'><strong>non</strong></span> <span class='ocrx_word' id='word_1_316' title='bbox 1255 1880 1391 1921; x_wconf 87' lang='lat' dir='ltr'><strong>solum</strong></span> <span class='ocrx_word' id='word_1_317' title='bbox 1425 1879 1507 1919; x_wconf 88' lang='lat' dir='ltr'><strong>duo</strong></span> <span class='ocrx_word' id='word_1_318' title='bbox 1540 1877 1732 1930; x_wconf 78' lang='lat' dir='ltr'><strong>codices,</strong></span> <span class='ocrx_word' id='word_1_319' title='bbox 1779 1878 1928 1929; x_wconf 91' lang='lat' dir='ltr'><strong>quibus</strong></span> <span class='ocrx_word' id='word_1_320' title='bbox 1963 1879 2136 1920; x_wconf 86' lang='lat' dir='ltr'><strong>multum</strong></span> <span class='ocrx_word' id='word_1_321' title='bbox 2171 1879 2461 1934; x_wconf 78' lang='lat' dir='ltr'><strong>tribuendum,</strong></span> 
     </span>
     <span class='ocr_line' id='line_1_31' title="bbox 191 1946 2463 2004; baseline -0 -12"><span class='ocrx_word' id='word_1_322' title='bbox 191 1950 452 1993; x_wconf 84' lang='lat' dir='ltr'><strong>Harleianus</strong></span> <span class='ocrx_word' id='word_1_323' title='bbox 479 1953 524 1991; x_wconf 90' lang='lat' dir='ltr'><strong>et</strong></span> <span class='ocrx_word' id='word_1_324' title='bbox 548 1949 923 2004; x_wconf 82' lang='lat' dir='ltr'><strong>vindobonensis,</strong></span> <span class='ocrx_word' id='word_1_325' title='bbox 964 1962 1040 1992; x_wconf 83' lang='lat' dir='ltr'><strong>eos</strong></span> <span class='ocrx_word' id='word_1_326' title='bbox 1077 1950 1135 1991; x_wconf 89' lang='lat' dir='ltr'><strong>ibi</strong></span> <span class='ocrx_word' id='word_1_327' title='bbox 1162 1960 1341 2002; x_wconf 89' lang='lat' dir='ltr'><strong>prorsus</strong></span> <span class='ocrx_word' id='word_1_328' title='bbox 1372 1948 1586 2000; x_wconf 89' lang='lat' dir='ltr'><strong>omittunt,</strong></span> <span class='ocrx_word' id='word_1_329' title='bbox 1615 1958 1739 1999; x_wconf 91' lang='lat' dir='ltr'><strong>quum</strong></span> <span class='ocrx_word' id='word_1_330' title='bbox 1766 1949 1914 1988; x_wconf 87' lang='lat' dir='ltr'><strong>contra</strong></span> <span class='ocrx_word' id='word_1_331' title='bbox 1944 1946 2042 1989; x_wconf 88' lang='lat' dir='ltr'><strong>libri</strong></span> <span class='ocrx_word' id='word_1_332' title='bbox 2068 1947 2123 1988; x_wconf 90' lang='lat' dir='ltr'><strong>ad</strong></span> <span class='ocrx_word' id='word_1_333' title='bbox 2154 1961 2281 1990; x_wconf 90' lang='lat' dir='ltr'><strong>unum</strong></span> <span class='ocrx_word' id='word_1_334' title='bbox 2318 1961 2463 1991; x_wconf 86' lang='lat' dir='ltr'><strong>omnes</strong></span> 
     </span>
     <span class='ocr_line' id='line_1_32' title="bbox 192 2014 2463 2072; baseline 0 -14"><span class='ocrx_word' id='word_1_335' title='bbox 192 2028 271 2058; x_wconf 79' lang='lat' dir='ltr'><strong>eos</strong></span> <span class='ocrx_word' id='word_1_336' title='bbox 307 2019 456 2057; x_wconf 90' lang='lat' dir='ltr'><strong>nostro</strong></span> <span class='ocrx_word' id='word_1_337' title='bbox 482 2016 575 2057; x_wconf 88' lang='lat' dir='ltr'><strong>loco</strong></span> <span class='ocrx_word' id='word_1_338' title='bbox 602 2016 825 2072; x_wconf 81' lang='lat' dir='ltr'><strong>exhibent,</strong></span> <span class='ocrx_word' id='word_1_339' title='bbox 853 2016 931 2057; x_wconf 90' lang='lat' dir='ltr'><strong>sed</strong></span> <span class='ocrx_word' id='word_1_340' title='bbox 967 2016 1273 2058; x_wconf 90' lang='lat' dir='ltr'><strong>sententiarum</strong></span> <span class='ocrx_word' id='word_1_341' title='bbox 1309 2015 1415 2055; x_wconf 89' lang='lat' dir='ltr'><strong>ratio</strong></span> <span class='ocrx_word' id='word_1_342' title='bbox 1450 2015 1577 2056; x_wconf 88' lang='lat' dir='ltr'><strong>etiam</strong></span> <span class='ocrx_word' id='word_1_343' title='bbox 1603 2014 1664 2055; x_wconf 84' lang='lat' dir='ltr'><strong>ita</strong></span> <span class='ocrx_word' id='word_1_344' title='bbox 1689 2016 1757 2055; x_wconf 88' lang='lat' dir='ltr'><strong>est</strong></span> <span class='ocrx_word' id='word_1_345' title='bbox 1782 2017 2040 2070; x_wconf 86' lang='lat' dir='ltr'><strong>comparata,</strong></span> <span class='ocrx_word' id='word_1_346' title='bbox 2068 2018 2114 2056; x_wconf 93' lang='lat' dir='ltr'><strong>ut</strong></span> <span class='ocrx_word' id='word_1_347' title='bbox 2149 2015 2203 2056; x_wconf 92' lang='lat' dir='ltr'><strong>de</strong></span> <span class='ocrx_word' id='word_1_348' title='bbox 2228 2016 2463 2070; x_wconf 80' lang='lat' dir='ltr'><strong>interpola-</strong></span> 
     </span>
     <span class='ocr_line' id='line_1_33' title="bbox 192 2083 1177 2137; baseline -0.002 -11"><span class='ocrx_word' id='word_1_349' title='bbox 192 2085 310 2126; x_wconf 88' lang='lat' dir='ltr'><strong>tione</strong></span> <span class='ocrx_word' id='word_1_350' title='bbox 337 2083 451 2125; x_wconf 85' lang='lat' dir='ltr'><strong>facta</strong></span> <span class='ocrx_word' id='word_1_351' title='bbox 477 2084 555 2124; x_wconf 86' lang='lat' dir='ltr'><strong>vix</strong></span> <span class='ocrx_word' id='word_1_352' title='bbox 583 2085 764 2137; x_wconf 86' lang='lat' dir='ltr'><strong>amplius</strong></span> <span class='ocrx_word' id='word_1_353' title='bbox 791 2084 985 2126; x_wconf 88' lang='lat' dir='ltr'><strong>dubitare</strong></span> <span class='ocrx_word' id='word_1_354' title='bbox 1009 2085 1079 2126; x_wconf 84' lang='lat' dir='ltr'><strong>fas</strong></span> <span class='ocrx_word' id='word_1_355' title='bbox 1108 2085 1177 2125; x_wconf 87' lang='lat' dir='ltr'><strong>sit.</strong></span> 
     </span>
    </p>

    <p class='ocr_par' dir='ltr' id='par_1_5' title="bbox 193 2145 2467 2616">
     <span class='ocr_line' id='line_1_34' title="bbox 302 2145 2462 2206; baseline 0.001 -14"><span class='ocrx_word' id='word_1_356' title='bbox 302 2151 356 2192; x_wconf 87' lang='lat' dir='ltr'><strong>V.</strong></span> <span class='ocrx_word' id='word_1_357' title='bbox 386 2152 478 2191; x_wconf 88' lang='grc'><strong>140.</strong></span> <span class='ocrx_word' id='word_1_358' title='bbox 521 2145 704 2191; x_wconf 67' lang='grc' dir='ltr'><strong><em>εἴδατα</em></strong></span> <span class='ocrx_word' id='word_1_359' title='bbox 730 2156 829 2192; x_wconf 89' lang='lat' dir='ltr'><strong>sunt</strong></span> <span class='ocrx_word' id='word_1_360' title='bbox 858 2152 937 2193; x_wconf 91' lang='lat' dir='ltr'><strong>hoc</strong></span> <span class='ocrx_word' id='word_1_361' title='bbox 969 2152 1081 2205; x_wconf 87' lang='lat' dir='ltr'><strong>loco,</strong></span> <span class='ocrx_word' id='word_1_362' title='bbox 1109 2162 1379 2204; x_wconf 84' lang='lat' dir='ltr'><strong>quaecunque</strong></span> <span class='ocrx_word' id='word_1_363' title='bbox 1409 2162 1493 2192; x_wconf 88' lang='lat' dir='ltr'><strong>una</strong></span> <span class='ocrx_word' id='word_1_364' title='bbox 1524 2163 1616 2193; x_wconf 89' lang='lat' dir='ltr'><strong>cum</strong></span> <span class='ocrx_word' id='word_1_365' title='bbox 1643 2163 1753 2205; x_wconf 87' lang='lat' dir='ltr'><strong>pane</strong></span> <span class='ocrx_word' id='word_1_366' title='bbox 1780 2150 2053 2193; x_wconf 89' lang='lat' dir='ltr'><strong>comeduntur</strong></span> <span class='ocrx_word' id='word_1_367' title='bbox 2078 2163 2267 2205; x_wconf 88' lang='lat' dir='ltr'><strong>quaeque</strong></span> <span class='ocrx_word' id='word_1_368' title='bbox 2291 2153 2462 2206; x_wconf 85' lang='lat' dir='ltr'><strong>proprio</strong></span> 
     </span>
     <span class='ocr_line' id='line_1_35' title="bbox 195 2213 2465 2274; baseline 0.001 -14"><span class='ocrx_word' id='word_1_369' title='bbox 195 2218 403 2262; x_wconf 85' lang='lat' dir='ltr'><strong>vocabulo</strong></span> <span class='ocrx_word' id='word_1_370' title='bbox 431 2217 560 2271; x_wconf 87' lang='lat' dir='ltr'><strong>alias,</strong></span> <span class='ocrx_word' id='word_1_371' title='bbox 588 2218 668 2273; x_wconf 87' lang='lat' dir='ltr'><strong>III,</strong></span> <span class='ocrx_word' id='word_1_372' title='bbox 698 2221 800 2273; x_wconf 78' lang='lat'>4803</span> <span class='ocrx_word' id='word_1_373' title='bbox 828 2219 880 2273; x_wconf 87' lang='lat' dir='ltr'><strong>V,</strong></span> <span class='ocrx_word' id='word_1_374' title='bbox 908 2221 1003 2274; x_wconf 75' lang='lat'><strong>26⁸7,</strong></span> <span class='ocrx_word' id='word_1_375' title='bbox 1031 2213 1157 2273; x_wconf 80' lang='grc' dir='ltr'><strong><em>ὄψα,</em></strong></span> <span class='ocrx_word' id='word_1_376' title='bbox 1183 2219 1296 2260; x_wconf 88' lang='lat' dir='ltr'><strong>unde</strong></span> <span class='ocrx_word' id='word_1_377' title='bbox 1331 2219 1574 2260; x_wconf 87' lang='lat' dir='ltr'><strong>Latinorum</strong></span> <span class='ocrx_word' id='word_1_378' title='bbox 1600 2219 1841 2274; x_wconf 81' lang='lat' dir='ltr'><strong>obsonium,</strong></span> <span class='ocrx_word' id='word_1_379' title='bbox 1870 2223 2088 2261; x_wconf 87' lang='lat' dir='ltr'><strong>vocantur.</strong></span> <span class='ocrx_word' id='word_1_380' title='bbox 2142 2221 2262 2262; x_wconf 84' lang='lat' dir='ltr'><strong>Haec</strong></span> <span class='ocrx_word' id='word_1_381' title='bbox 2289 2221 2465 2263; x_wconf 84' lang='lat' dir='ltr'><strong>obsonia</strong></span> 
     </span>
     <span class='ocr_line' id='line_1_36' title="bbox 195 2281 2466 2345; baseline 0.002 -18"><span class='ocrx_word' id='word_1_382' title='bbox 195 2297 326 2340; x_wconf 86' lang='lat' dir='ltr'><strong>saepe</strong></span> <span class='ocrx_word' id='word_1_383' title='bbox 350 2284 517 2338; x_wconf 83' lang='lat' dir='ltr'><strong>quidem</strong></span> <span class='ocrx_word' id='word_1_384' title='bbox 544 2283 600 2332; x_wconf 69' lang='grc' dir='ltr'><strong>τὰ,</strong></span> <span class='ocrx_word' id='word_1_385' title='bbox 623 2283 773 2338; x_wconf 76' lang='grc' dir='ltr'><strong><em>κρέατα</em></strong></span> <span class='ocrx_word' id='word_1_386' title='bbox 799 2282 978 2326; x_wconf 75' lang='grc' dir='ltr'><strong>ὀπταλέα</strong></span> <span class='ocrx_word' id='word_1_387' title='bbox 1003 2289 1147 2340; x_wconf 89' lang='lat' dir='ltr'><strong>erant,</strong></span> <span class='ocrx_word' id='word_1_388' title='bbox 1174 2281 1206 2326; x_wconf 79' lang='grc' dir='ltr'>ἅ</span> <span class='ocrx_word' id='word_1_389' title='bbox 1228 2286 1282 2339; x_wconf 79' lang='grc' dir='ltr'><strong>ῥα</strong></span> <span class='ocrx_word' id='word_1_390' title='bbox 1308 2287 1359 2340; x_wconf 83' lang='grc' dir='ltr'><strong>τῇ</strong></span> <span class='ocrx_word' id='word_1_391' title='bbox 1383 2287 1561 2341; x_wconf 83' lang='grc' dir='ltr'>προτέρῃ</span> <span class='ocrx_word' id='word_1_392' title='bbox 1585 2283 1800 2329; x_wconf 65' lang='grc' dir='ltr'>ὑπέλειπον</span> <span class='ocrx_word' id='word_1_393' title='bbox 1827 2285 1986 2335; x_wconf 70' lang='grc' dir='ltr'><strong><em>ἔθοντες</em></strong></span> <span class='ocrx_word' id='word_1_394' title='bbox 2011 2287 2122 2336; x_wconf 81' lang='lat' dir='ltr'><strong>(od.</strong></span> <span class='ocrx_word' id='word_1_395' title='bbox 2150 2290 2275 2344; x_wconf 87' lang='lat' dir='ltr'><strong>XVI,</strong></span> <span class='ocrx_word' id='word_1_396' title='bbox 2302 2292 2409 2345; x_wconf 79' lang='lat'><strong>50),</strong></span> <span class='ocrx_word' id='word_1_397' title='bbox 2437 2302 2466 2331; x_wconf 88' lang='lat' dir='ltr'><strong>a</strong></span> 
     </span>
     <span class='ocr_line' id='line_1_37' title="bbox 193 2353 2463 2412; baseline 0.002 -17"><span class='ocrx_word' id='word_1_398' title='bbox 193 2354 331 2408; x_wconf 87' lang='lat' dir='ltr'><strong>promi</strong></span> <span class='ocrx_word' id='word_1_399' title='bbox 364 2353 656 2407; x_wconf 83' lang='lat' dir='ltr'><strong>procuratrice</strong></span> <span class='ocrx_word' id='word_1_400' title='bbox 682 2354 726 2394; x_wconf 90' lang='lat' dir='ltr'><strong>in</strong></span> <span class='ocrx_word' id='word_1_401' title='bbox 755 2354 901 2395; x_wconf 88' lang='lat' dir='ltr'><strong>cellam</strong></span> <span class='ocrx_word' id='word_1_402' title='bbox 930 2355 1146 2408; x_wconf 88' lang='lat' dir='ltr'><strong>penariam</strong></span> <span class='ocrx_word' id='word_1_403' title='bbox 1174 2354 1388 2405; x_wconf 85' lang='grc' dir='ltr'><strong><em>(ταμεῖον,</em></strong></span> <span class='ocrx_word' id='word_1_404' title='bbox 1413 2357 1626 2407; x_wconf 81' lang='grc' dir='ltr'><strong><em>ταμιεῖον)</em></strong></span> <span class='ocrx_word' id='word_1_405' title='bbox 1653 2356 1890 2410; x_wconf 81' lang='lat' dir='ltr'><strong>recondita,</strong></span> <span class='ocrx_word' id='word_1_406' title='bbox 1936 2359 1981 2397; x_wconf 92' lang='lat' dir='ltr'><strong>ut</strong></span> <span class='ocrx_word' id='word_1_407' title='bbox 2010 2357 2125 2397; x_wconf 91' lang='lat' dir='ltr'><strong>intus</strong></span> <span class='ocrx_word' id='word_1_408' title='bbox 2153 2361 2174 2404; x_wconf 86' lang='grc'>(</span> <span class='ocrx_word' id='word_1_409' title='bbox 2187 2353 2321 2406; x_wconf 78' lang='grc' dir='ltr'><strong><em>ἔνδον,</em></strong></span> <span class='ocrx_word' id='word_1_410' title='bbox 2360 2358 2463 2412; x_wconf 86' lang='lat' dir='ltr'><strong>VII,</strong></span> 
     </span>
     <span class='ocr_line' id='line_1_38' title="bbox 197 2415 2466 2478; baseline 0 -14"><span class='ocrx_word' id='word_1_411' title='bbox 197 2424 305 2471; x_wconf 87' lang='grc'><strong>166)</strong></span> <span class='ocrx_word' id='word_1_412' title='bbox 333 2421 375 2462; x_wconf 83' lang='grc' dir='ltr'>Ιι.</span> <span class='ocrx_word' id='word_1_413' title='bbox 403 2432 442 2462; x_wconf 90' lang='lat' dir='ltr'><strong>e.</strong></span> <span class='ocrx_word' id='word_1_414' title='bbox 469 2421 514 2461; x_wconf 91' lang='lat' dir='ltr'><strong>in</strong></span> <span class='ocrx_word' id='word_1_415' title='bbox 543 2421 653 2462; x_wconf 90' lang='lat' dir='ltr'><strong>cella</strong></span> <span class='ocrx_word' id='word_1_416' title='bbox 689 2424 733 2462; x_wconf 91' lang='lat' dir='ltr'><strong>et</strong></span> <span class='ocrx_word' id='word_1_417' title='bbox 758 2425 929 2475; x_wconf 89' lang='lat' dir='ltr'><strong>praesto</strong></span> <span class='ocrx_word' id='word_1_418' title='bbox 959 2415 1134 2475; x_wconf 83' lang='grc' dir='ltr'><strong><em>(παρά)</em></strong></span> <span class='ocrx_word' id='word_1_419' title='bbox 1161 2425 1298 2474; x_wconf 87' lang='lat' dir='ltr'><strong>esset,</strong></span> <span class='ocrx_word' id='word_1_420' title='bbox 1327 2421 1435 2463; x_wconf 89' lang='lat' dir='ltr'><strong>unde</strong></span> <span class='ocrx_word' id='word_1_421' title='bbox 1462 2422 1637 2475; x_wconf 90' lang='lat' dir='ltr'><strong>hospiti,</strong></span> <span class='ocrx_word' id='word_1_422' title='bbox 1665 2434 1721 2463; x_wconf 86' lang='lat' dir='ltr'><strong>ex</strong></span> <span class='ocrx_word' id='word_1_423' title='bbox 1748 2423 1979 2476; x_wconf 87' lang='lat' dir='ltr'><strong>improviso</strong></span> <span class='ocrx_word' id='word_1_424' title='bbox 2002 2422 2262 2478; x_wconf 89' lang='lat' dir='ltr'><strong>advenienti,</strong></span> <span class='ocrx_word' id='word_1_425' title='bbox 2281 2435 2466 2478; x_wconf 84' lang='lat' dir='ltr'><strong>prome-</strong></span> 
     </span>
     <span class='ocr_line' id='line_1_39' title="bbox 195 2490 2467 2546; baseline 0.001 -15"><span class='ocrx_word' id='word_1_426' title='bbox 195 2493 283 2544; x_wconf 69' lang='lat' dir='ltr'><strong>ret,</strong></span> <span class='ocrx_word' id='word_1_427' title='bbox 311 2491 421 2531; x_wconf 88' lang='lat' dir='ltr'><strong>alias</strong></span> <span class='ocrx_word' id='word_1_428' title='bbox 442 2493 582 2531; x_wconf 90' lang='lat' dir='ltr'><strong>autem</strong></span> <span class='ocrx_word' id='word_1_429' title='bbox 610 2490 692 2537; x_wconf 84' lang='lat' dir='ltr'><strong>(Il.</strong></span> <span class='ocrx_word' id='word_1_430' title='bbox 720 2491 800 2544; x_wconf 90' lang='lat' dir='ltr'><strong>XI,</strong></span> <span class='ocrx_word' id='word_1_431' title='bbox 828 2493 911 2531; x_wconf 77' lang='grc'><strong>620</strong></span> <span class='ocrx_word' id='word_1_432' title='bbox 927 2497 1022 2543; x_wconf 82' lang='lat' dir='ltr'><strong>sq.)</strong></span> <span class='ocrx_word' id='word_1_433' title='bbox 1048 2491 1154 2531; x_wconf 91' lang='lat' dir='ltr'><strong>nihil</strong></span> <span class='ocrx_word' id='word_1_434' title='bbox 1183 2491 1238 2531; x_wconf 88' lang='lat' dir='ltr'><strong>ad</strong></span> <span class='ocrx_word' id='word_1_435' title='bbox 1265 2500 1413 2543; x_wconf 88' lang='lat' dir='ltr'><strong>panem</strong></span> <span class='ocrx_word' id='word_1_436' title='bbox 1439 2494 1482 2530; x_wconf 92' lang='lat' dir='ltr'><strong>et</strong></span> <span class='ocrx_word' id='word_1_437' title='bbox 1504 2492 1648 2531; x_wconf 89' lang='lat' dir='ltr'><strong>vinum</strong></span> <span class='ocrx_word' id='word_1_438' title='bbox 1673 2491 1876 2532; x_wconf 88' lang='lat' dir='ltr'><strong>adhibent</strong></span> <span class='ocrx_word' id='word_1_439' title='bbox 1902 2494 2073 2544; x_wconf 89' lang='lat' dir='ltr'><strong>praeter</strong></span> <span class='ocrx_word' id='word_1_440' title='bbox 2098 2503 2293 2546; x_wconf 81' lang='lat' dir='ltr'><strong>caepam,</strong></span> <span class='ocrx_word' id='word_1_441' title='bbox 2322 2503 2467 2545; x_wconf 89' lang='lat' dir='ltr'><strong>quem-</strong></span> 
     </span>
     <span class='ocr_line' id='line_1_40' title="bbox 197 2557 2439 2616; baseline 0 -15"><span class='ocrx_word' id='word_1_442' title='bbox 197 2557 418 2601; x_wconf 84' lang='lat' dir='ltr'><strong>admodum</strong></span> <span class='ocrx_word' id='word_1_443' title='bbox 445 2559 609 2600; x_wconf 88' lang='lat' dir='ltr'><strong>Persae</strong></span> <span class='ocrx_word' id='word_1_444' title='bbox 640 2558 850 2600; x_wconf 86' lang='lat' dir='ltr'><strong>nasturtio</strong></span> <span class='ocrx_word' id='word_1_445' title='bbox 896 2570 976 2612; x_wconf 91' lang='lat' dir='ltr'><strong>pro</strong></span> <span class='ocrx_word' id='word_1_446' title='bbox 1008 2558 1182 2607; x_wconf 87' lang='lat' dir='ltr'><strong>obsonio</strong></span> <span class='ocrx_word' id='word_1_447' title='bbox 1211 2557 1330 2599; x_wconf 87' lang='lat' dir='ltr'><strong>vesei</strong></span> <span class='ocrx_word' id='word_1_448' title='bbox 1359 2559 1504 2601; x_wconf 90' lang='lat' dir='ltr'><strong>solitos</strong></span> <span class='ocrx_word' id='word_1_449' title='bbox 1532 2571 1630 2602; x_wconf 87' lang='lat' dir='ltr'><strong>esse</strong></span> <span class='ocrx_word' id='word_1_450' title='bbox 1659 2560 1807 2603; x_wconf 87' lang='lat' dir='ltr'><strong>scribit</strong></span> <span class='ocrx_word' id='word_1_451' title='bbox 1833 2560 2073 2615; x_wconf 90' lang='lat' dir='ltr'><strong>Xenophon</strong></span> <span class='ocrx_word' id='word_1_452' title='bbox 2099 2561 2238 2604; x_wconf 77' lang='lat' dir='ltr'><strong>Anab-</strong></span> <span class='ocrx_word' id='word_1_453' title='bbox 2267 2562 2303 2614; x_wconf 94' lang='lat' dir='ltr'><strong>I,</strong></span> <span class='ocrx_word' id='word_1_454' title='bbox 2330 2562 2371 2616; x_wconf 74' lang='lat'><strong>2,</strong></span> <span class='ocrx_word' id='word_1_455' title='bbox 2399 2563 2439 2602; x_wconf 84' lang='lat'><strong>8.</strong></span> 
     </span>
    </p>

    <p class='ocr_par' dir='ltr' id='par_1_6' title="bbox 171 2625 2471 3011">
     <span class='ocr_line' id='line_1_41' title="bbox 306 2625 2470 2683; baseline 0.002 -17"><span class='ocrx_word' id='word_1_456' title='bbox 306 2626 358 2666; x_wconf 88' lang='lat' dir='ltr'><strong>V.</strong></span> <span class='ocrx_word' id='word_1_457' title='bbox 389 2628 480 2669; x_wconf 90' lang='lat'>151.</span> <span class='ocrx_word' id='word_1_458' title='bbox 529 2625 580 2668; x_wconf 87' lang='lat' dir='ltr'><strong>Si</strong></span> <span class='ocrx_word' id='word_1_459' title='bbox 606 2626 731 2668; x_wconf 91' lang='lat' dir='ltr'><strong>huius</strong></span> <span class='ocrx_word' id='word_1_460' title='bbox 756 2626 838 2668; x_wconf 92' lang='lat' dir='ltr'><strong>loci</strong></span> <span class='ocrx_word' id='word_1_461' title='bbox 863 2626 1143 2668; x_wconf 88' lang='lat' dir='ltr'><strong>conditionem</strong></span> <span class='ocrx_word' id='word_1_462' title='bbox 1171 2626 1399 2681; x_wconf 87' lang='lat' dir='ltr'><strong>diligenter</strong></span> <span class='ocrx_word' id='word_1_463' title='bbox 1419 2628 1717 2682; x_wconf 90' lang='lat' dir='ltr'><strong>perpenderis,</strong></span> <span class='ocrx_word' id='word_1_464' title='bbox 1742 2638 1828 2668; x_wconf 89' lang='lat' dir='ltr'><strong>non</strong></span> <span class='ocrx_word' id='word_1_465' title='bbox 1856 2628 2212 2681; x_wconf 32' lang='lat' dir='ltr'><strong>cumvNitzschio,</strong></span> <span class='ocrx_word' id='word_1_466' title='bbox 2242 2629 2311 2682; x_wconf 89' lang='lat' dir='ltr'><strong>qui</strong></span> <span class='ocrx_word' id='word_1_467' title='bbox 2329 2629 2470 2683; x_wconf 85' lang='lat' dir='ltr'><strong>scrip-</strong></span> 
     </span>
     <span class='ocr_line' id='line_1_42' title="bbox 171 2693 2469 2749; baseline 0.001 -14"><span class='ocrx_word' id='word_1_468' title='bbox 171 2699 336 2735; x_wconf 86' lang='lat' dir='ltr'><strong>-turam</strong></span> <span class='ocrx_word' id='word_1_469' title='bbox 361 2695 572 2746; x_wconf 87' lang='lat' dir='ltr'><strong>antiquam</strong></span> <span class='ocrx_word' id='word_1_470' title='bbox 597 2693 874 2747; x_wconf 70' lang='grc' dir='ltr'><strong><em>μνηστῆρες</em></strong></span> <span class='ocrx_word' id='word_1_471' title='bbox 901 2696 945 2735; x_wconf 87' lang='lat' dir='ltr'><strong>in</strong></span> <span class='ocrx_word' id='word_1_472' title='bbox 971 2695 1221 2746; x_wconf 73' lang='grc' dir='ltr'><strong>μνηστῆρσιν</strong></span> <span class='ocrx_word' id='word_1_473' title='bbox 1247 2694 1483 2735; x_wconf 83' lang='lat' dir='ltr'><strong>mutandam</strong></span> <span class='ocrx_word' id='word_1_474' title='bbox 1510 2700 1676 2749; x_wconf 87' lang='lat' dir='ltr'><strong>censet,</strong></span> <span class='ocrx_word' id='word_1_475' title='bbox 1692 2695 1939 2738; x_wconf 71' lang='lat' dir='ltr'><strong>,faciendum</strong></span> <span class='ocrx_word' id='word_1_476' title='bbox 1961 2707 2059 2736; x_wconf 88' lang='lat' dir='ltr'><strong>esse</strong></span> <span class='ocrx_word' id='word_1_477' title='bbox 2082 2696 2286 2738; x_wconf 82' lang='lat' dir='ltr'><strong>videbis..</strong></span> <span class='ocrx_word' id='word_1_478' title='bbox 2314 2696 2469 2737; x_wconf 85' lang='lat' dir='ltr'><strong>Mirum</strong></span> 
     </span>
     <span class='ocr_line' id='line_1_43' title="bbox 197 2760 2471 2816; baseline -0 -11"><span class='ocrx_word' id='word_1_479' title='bbox 197 2766 267 2805; x_wconf 88' lang='lat' dir='ltr'><strong>est</strong></span> <span class='ocrx_word' id='word_1_480' title='bbox 292 2763 433 2803; x_wconf 89' lang='lat' dir='ltr'><strong>virum</strong></span> <span class='ocrx_word' id='word_1_481' title='bbox 456 2763 651 2803; x_wconf 85' lang='lat' dir='ltr'><strong>eximium</strong></span> <span class='ocrx_word' id='word_1_482' title='bbox 675 2775 761 2803; x_wconf 92' lang='lat' dir='ltr'><strong>non</strong></span> <span class='ocrx_word' id='word_1_483' title='bbox 790 2763 954 2805; x_wconf 89' lang='lat' dir='ltr'><strong>vidisse</strong></span> <span class='ocrx_word' id='word_1_484' title='bbox 982 2775 1037 2804; x_wconf 89' lang='lat' dir='ltr'><strong>ex</strong></span> <span class='ocrx_word' id='word_1_485' title='bbox 1062 2762 1274 2803; x_wconf 85' lang='lat' dir='ltr'><strong>industria</strong></span> <span class='ocrx_word' id='word_1_486' title='bbox 1300 2763 1562 2808; x_wconf 85' lang='lat' dir='ltr'><strong>antecedenti</strong></span> <span class='ocrx_word' id='word_1_487' title='bbox 1587 2761 1680 2803; x_wconf 76' lang='grc' dir='ltr'><strong><em>ἕντο</em></strong></span> <span class='ocrx_word' id='word_1_488' title='bbox 1700 2760 1941 2806; x_wconf 83' lang='lat' dir='ltr'><strong>Subiectmn</strong></span> <span class='ocrx_word' id='word_1_489' title='bbox 1966 2763 2140 2816; x_wconf 88' lang='lat' dir='ltr'><strong>insuper</strong></span> <span class='ocrx_word' id='word_1_490' title='bbox 2168 2773 2266 2803; x_wconf 89' lang='lat' dir='ltr'><strong>esse</strong></span> <span class='ocrx_word' id='word_1_491' title='bbox 2293 2774 2320 2804; x_wconf 91' lang='lat' dir='ltr'><strong>a</strong></span> <span class='ocrx_word' id='word_1_492' title='bbox 2341 2766 2471 2816; x_wconf 83' lang='lat' dir='ltr'><strong>poeta</strong></span> 
     </span>
     <span class='ocr_line' id='line_1_44' title="bbox 197 2829 2469 2895; baseline -0.001 -22"><span class='ocrx_word' id='word_1_493' title='bbox 197 2829 410 2885; x_wconf 90' lang='lat' dir='ltr'><strong>additum,</strong></span> <span class='ocrx_word' id='word_1_494' title='bbox 440 2840 523 2885; x_wconf 85' lang='lat' dir='ltr'><strong>quo</strong></span> <span class='ocrx_word' id='word_1_495' title='bbox 556 2829 763 2873; x_wconf 86' lang='lat' dir='ltr'><strong>indicaret</strong></span> <span class='ocrx_word' id='word_1_496' title='bbox 791 2830 1087 2874; x_wconf 83' lang='lat' dir='ltr'><strong>Telemachum</strong></span> <span class='ocrx_word' id='word_1_497' title='bbox 1112 2830 1431 2884; x_wconf 86' lang='lat' dir='ltr'><strong>Minervamque</strong></span> <span class='ocrx_word' id='word_1_498' title='bbox 1459 2842 1651 2872; x_wconf 89' lang='lat' dir='ltr'><strong>seorsum</strong></span> <span class='ocrx_word' id='word_1_499' title='bbox 1678 2840 1705 2870; x_wconf 88' lang='lat' dir='ltr'><strong>a</strong></span> <span class='ocrx_word' id='word_1_500' title='bbox 1730 2830 1871 2883; x_wconf 87' lang='lat' dir='ltr'><strong>procis</strong></span> <span class='ocrx_word' id='word_1_501' title='bbox 1903 2829 2051 2883; x_wconf 87' lang='lat' dir='ltr'><strong>epulas</strong></span> <span class='ocrx_word' id='word_1_502' title='bbox 2079 2829 2285 2873; x_wconf 86' lang='lat' dir='ltr'><strong>sumsisse</strong></span> <span class='ocrx_word' id='word_1_503' title='bbox 2311 2829 2469 2895; x_wconf 51' lang='lat' dir='ltr'>(nmm&#39;</span> 
     </span>
     <span class='ocr_line' id='line_1_45' title="bbox 199 2895 2471 2954; baseline -0.003 -14"><span class='ocrx_word' id='word_1_504' title='bbox 199 2900 279 2941; x_wconf 90' lang='lat' dir='ltr'><strong>hos</strong></span> <span class='ocrx_word' id='word_1_505' title='bbox 306 2910 412 2940; x_wconf 87' lang='lat' dir='ltr'><strong>vero</strong></span> <span class='ocrx_word' id='word_1_506' title='bbox 438 2898 599 2939; x_wconf 91' lang='lat' dir='ltr'><strong>nullam</strong></span> <span class='ocrx_word' id='word_1_507' title='bbox 626 2898 793 2938; x_wconf 85' lang='lat' dir='ltr'><strong>illorum</strong></span> <span class='ocrx_word' id='word_1_508' title='bbox 825 2911 967 2941; x_wconf 91' lang='lat' dir='ltr'><strong>curam</strong></span> <span class='ocrx_word' id='word_1_509' title='bbox 994 2902 1200 2954; x_wconf 82' lang='lat' dir='ltr'><strong>gerentes</strong></span> <span class='ocrx_word' id='word_1_510' title='bbox 1227 2899 1468 2954; x_wconf 82' lang='lat' dir='ltr'><strong>confestim,</strong></span> <span class='ocrx_word' id='word_1_511' title='bbox 1508 2911 1632 2953; x_wconf 91' lang='lat' dir='ltr'><strong>quum</strong></span> <span class='ocrx_word' id='word_1_512' title='bbox 1662 2899 1813 2939; x_wconf 81' lang='lat' dir='ltr'><strong>famem</strong></span> <span class='ocrx_word' id='word_1_513' title='bbox 1846 2895 2099 2951; x_wconf 77' lang='lat' dir='ltr'><strong>satiassent,</strong></span> <span class='ocrx_word' id='word_1_514' title='bbox 2137 2898 2192 2938; x_wconf 91' lang='lat' dir='ltr'><strong>ad</strong></span> <span class='ocrx_word' id='word_1_515' title='bbox 2226 2899 2392 2938; x_wconf 87' lang='lat' dir='ltr'><strong>cantum</strong></span> <span class='ocrx_word' id='word_1_516' title='bbox 2428 2899 2471 2935; x_wconf 91' lang='lat' dir='ltr'><strong>et</strong></span> 
     </span>
     <span class='ocr_line' id='line_1_46' title="bbox 201 2968 857 3011; baseline -0.003 -1"><span class='ocrx_word' id='word_1_517' title='bbox 201 2968 466 3010; x_wconf 88' lang='lat' dir='ltr'><strong>saltationem</strong></span> <span class='ocrx_word' id='word_1_518' title='bbox 502 2980 551 3010; x_wconf 86' lang='lat' dir='ltr'><strong>se</strong></span> <span class='ocrx_word' id='word_1_519' title='bbox 574 2969 857 3011; x_wconf 86' lang='lat' dir='ltr'><strong>convertisse.</strong></span> 
     </span>
    </p>
   </div>
  </div>
 </body>
</html>
