2667 3345
1288 91 1384 154 25

203 224 279 276 αὖ,
308 226 641 285 mma-mia
664 224 866 265 »κνίση
890 224 1170 278 leviorisque,
1193 228 1243 265 ut
1267 214 1402 265 0111.
1428 224 1547 276 xvi,
1576 225 1654 264 4344
1680 225 1883 276 appu-st,
1901 220 2310 275 ,φησει-ειη
2337 226 2473 276 0...

203 291 714 348 wm3xmaw3
742 291 988 345 mun,
1018 290 1399 344 4434334440
1427 293 1536 345 495,
1571 290 1655 343 xl,
1679 291 1761 343 43,
1786 288 2311 345 xmm3xn1n.
2374 293 2471 343 ιι..

198 356 532 413 ,εει-41413443
561 358 710 401 imitati
736 361 849 401 344441
862 356 1084 412 Virgilius
1099 357 1226 399 Aen.
1239 355 1279 411 1,
1302 356 1407 412 8⁷73
1435 355 1493 410 X,
1519 358 1624 411 8683
1652 319 1761 409 XII:
1785 356 1862 397 165
1885 359 1929 402 31
1958 355 2142 408 Ovidius
2164 357 2271 406 Hcs.
2295 358 2468 417 luy&

198 373 362 474 uultu
366 427 411 468 in
438 426 550 469 hane
578 437 683 469 43444
695 425 812 466 4134111
836 424 1087 470 Nitzschius
1112 423 1167 465 ad
1188 424 1257 478 Π,
1288 426 1352 466 10.

195 519 199 522 ·
310 494 364 536 V.
393 496 483 536 105.
529 493 750 568 Taphii,
791 502 965 543 quorum
992 502 1171 546 regnum
1203 495 1302 533 tunc
1325 492 1494 533 11344133
1520 489 1734 531 obtinebat
1760 492 1923 545 (183),
1960 492 2086 535 rebus
2115 452 2339 544 maritima
2355 506 2468 549 apo-

202 573 294 607 ram
319 561 490 616 dantes,
517 561 629 602 unde
654 562 700 601 et
729 559 813 614 ipsi
840 552 1106 613 φιλήρετμοι·
1114 562 1230 607 (419
1241 566 1275 614 ),
1302 560 1347 600 31
1370 559 1540 600 Mentae
1565 560 1687 612 pater
1711 550 1923 609 Ἀγχίαλος
1956 561 2097 607 (180)
2125 565 2333 619 vocatur,
2342 573 2469 617 q„-

201 629 310 672 satis
334 640 493 684 magna
516 627 790 681 copiosaque,
832 630 957 680 prout
988 630 1154 680 tempus
1184 627 1367 681 serebat,
1398 630 1635 669 mercatura
1662 626 1856 668 1104441333
1889 625 2088 669 videntur
2116 631 2227 674 (184
2252 631 2331 684 3443
2344 630 2466 686 XIV,

202 698 283 738 452
296 701 316 743 )
330 724 344 749 ,
384 699 471 737 144444
506 693 745 747 praedones
771 693 1039 736 audacissimi
1065 706 1180 735 mare
1204 695 1404 735 infestum
1429 694 1664 734 reddebant
1688 694 1820 745 (XV,
1854 695 1961 747 4263
1988 694 2107 747 XVI,
2139 698 2241 750 ⁴²⁶3
2267 698 2467 752 Apollo..

200 763 337 809 Rhod.
363 763 400 815 1,
427 763 548 810 750).
604 761 784 803 Ubinam
823 772 927 802 vero
964 761 1139 805 incoluit
1175 773 1288 816 gens
1325 756 1437 804 illa?
1481 761 1616 804 Recte
1656 759 1942 801 addubitatum
1977 763 2066 816 est,
2113 773 2212 804 num
2247 762 2468 811 Mani·

202 828 471 883 Scholiisque
494 828 549 870 ad
578 829 620 871 14.
653 828 682 870 1.
716 831 760 871 et
790 827 845 870 ad
877 828 1020 882 Apoll.
1048 828 1077 869 l.
1113 828 1142 870 1,
1183 829 1289 871 114133
1326 827 2010 885 1431433413ηῆῂοῳ44441344413441114443
2042 821 2186 881 Τάφον
2215 829 2336 883 νῆσον
2364 826 2471 880 clm

201 896 284 938 τῶν
317 889 537 946 Ἐχινάδων.
587 897 752 937 Plinius
785 899 923 950 certe,
952 896 1023 936 uhi
1051 897 1096 936 in
1123 897 1235 937 Hist.
1263 897 1362 937 Nat.
1389 897 1451 936 IV
1452 923 1465 950 ,
1495 894 1552 942 ta,
1575 892 1841 948 Echinades,
1870 907 2002 949 quae,
2030 900 2077 935 ut
2110 896 2383 949 Thucydides
2410 899 2471 953 Π,

205 964 282 1005 102
308 967 352 1004 31
373 963 615 1004 Η3404101443
631 963 700 1018 Ἡ,
730 965 782 1005 10
816 964 955 1018 aiunt,
983 961 1037 1004 ab
1065 962 1246 1004 Acheloi
1274 964 1381 1004 ostio
1406 976 1492 1004 non
1523 962 1669 1017 procul
1696 962 1925 1017 distantes,
1954 963 2076 1004 humo
2105 963 2291 1019 adgesto
2319 966 2474 1020 parti-

202 1031 431 1085 continenti
458 1032 539 1071 iam
566 1036 652 1073 tum
684 1031 929 1072 coniunctae
956 1035 1079 1072 erant
1093 1061 1105 1085 ,
1143 1031 1328 1086 Plinius,
1366 1032 1572 1084 inquam,-·
1593 1031 1665 1071 ubi
1699 1031 1941 1071 nominatim
1979 1043 2053 1072 eas
2085 1036 2300 1088 recenset,
2347 1034 2473 1081 14441443

201 1099 367 1141 insulae
389 1101 640 1141 mentionem
669 1111 754 1140 non
786 1100 900 1141 facit.
957 1099 1046 1147 Sed
1075 1099 1289 1154 paululum
1327 1110 1468 1153 super
1483 1098 1749 1153 Echinades,
1777 1110 1908 1153 quae,
1935 1112 2028 1141 cum
2058 1101 2240 1143 maxima
2266 1112 2323 1142 ex
2349 1104 2474 1155 parte

202 1168 373 1208 steriles
410 1171 453 1207 et
476 1168 673 1209 desertae
708 1171 875 1222 essent,
923 1169 1075 1222 populo
1109 1171 1369 1209 mercaturae
1401 1166 1542 1207 dedito
1573 1166 1743 1207 minime
1776 1169 1901 1206 erant
1930 1168 2258 1222 convenientes,
2283 1172 2473 1222 septe-

202 1235 380 1278 trionem
415 1247 594 1291 versus,
637 1236 750 1277 inter
781 1236 1034 1278 Leucadiam
1063 1239 1107 1277 et
1133 1235 1417 1278 Acarnaniam
1452 1236 1543 1275 tres
1577 1233 1686 1278 sitae
1716 1236 1840 1274 erant
1872 1232 2037 1273 insulae
2071 1233 2288 1287 (Taphias
2301 1262 2315 1290 ,
2359 1234 2471 1289 apud

201 1302 428 1344 Homerum
463 1306 598 1351 (417)
641 1307 684 1344 31
722 1302 975 1344 Strabonem
1020 1305 1192 1357 'Paphos
1226 1305 1321 1344 sive
1363 1303 1600 1356 Taphiusa,
1648 1300 1805 1354 Oxiae,
1853 1302 2116 1349 Prinoessa)
2160 1302 2472 1345 Teleboides

202 1369 455 1422 eaedemque
484 1371 719 1423 Taphiae
746 1375 923 1412 vocatae
938 1401 950 1425 ,
979 1376 1151 1423 quarum
1178 1371 1232 1411 de
1260 1372 1343 1412 31444
1369 1371 1498 1411 341333
1521 1369 1750 1412 Reichardi
1777 1369 1962 1410 tabulam
1980 1369 2337 1425 geographicam,
2366 1382 2473 1423 quae

202 1435 423 1478 Graeciam
457 1437 829 1491 septentrionalem
855 1441 1161 1492 repraesentat.
1231 1436 1440 1480 Teleboae
1468 1438 1563 1478 sive
1595 1436 1767 1491 Taphii‚
1803 1437 2048 1481 ,continente
2061 1460 2079 1492 ,·
2104 1437 2375 1492 Acarnania,
2399 1448 2472 1479 re-

201 1503 322 1557 licta,
368 1504 446 1544 has
484 1505 647 1545 insulas
675 1516 905 1558 occupasse
933 1505 1148 1559 dicuntur,
1193 1504 1303 1557 quod
1334 1505 1460 1548 didici
1494 1516 1550 1546 ex
1577 1502 1790 1551 Strabone
1816 1504 1875 1558 X,
1903 1517 1946 1557 p.
1972 1506 2076 1559 316,
2124 1503 2272 1547 Schol.
2303 1504 2359 1546 ad
2385 1506 2470 1559 Ap.

202 1571 338 1619 Rhod,
366 1572 401 1626 Ι,
431 1574 511 1612 747
546 1576 589 1612 et
618 1571 768 1625 steph.
801 1574 1006 1627 Byzant.,
1036 1575 1105 1626 qui
1139 1571 1338 1626 Τηλεβοῒν
1370 1574 1517 1625 μοῖραν
1560 1570 1634 1623 τῆς
1656 1565 1917 1625 Ἀκαρνανίας
1943 1571 2047 1618 411311
2073 1565 2155 1612 ἀπὸ
2193 1564 2416 1624 Ίῂλεβόου,
2444 1565 2471 1624 ἡ

115 1646 118 1649 ·
197 1631 395 1691 πρότερον
422 1637 592 1691 Ταφίων
608 1637 802 1680 ἐκαλεῖτο.
855 1640 989 1682 11413444
1008 1641 1217 1682 Teleboae
1234 1643 1381 1694 postea
1398 1640 1442 1680 in
1470 1638 1683 1692 Capreas,
1712 1638 1862 1680 Italiae
1884 1639 2123 1693 proximas,
2144 1639 2465 1694 migraverunt3

204 1705 305 1746 vide
323 1705 514 1759 Lipsium
531 1707 586 1747 ad
608 1708 708 1748 Tac.
728 1709 814 1748 An.
841 1708 917 1763 IV,
943 1711 997 1751 67
1023 1712 1068 1749 31
1093 1709 1305 1762 Heynium
1331 1707 1385 1748 ad
1401 1707 1527 1760 virg.
1554 1706 1666 1746 Aen.
1685 1705 1782 1759 VII,
1811 1705 2010 1746 735.144
2031 1705 2239 1746 Teleboas
2256 1716 2368 1759 ergo
2396 1716 2471 1747 se-

202 1774 316 1814 riore
347 1777 535 1827 tempore
567 1778 802 1828 permutata
828 1779 915 1830 est,
943 1780 990 1817 ut
1025 1776 1217 1831 videtur,
1244 1774 1452 1851 antiquior
1485 1773 1716 1814 incolarum
1747 1773 1996 1827 nominatio,
2030 1771 2210 1827 Τωφίοι,
2237 1772 2349 1826 apud
2374 1772 2470 1821 Ho-

201 1851 359 1880 merum
388 1841 480 1880 sola
508 1842 653 1894 obvia,
700 1843 896 1894 quocirca
932 1854 1017 1883 44044
1044 1844 1177 1884 30144444
1205 1836 1442 1895 γεωγράφος
1477 1840 1645 1888 (Srabo
1673 1841 1786 1890 1.1.)
1813 1839 1997 1889 ταυτίζει
2034 1854 2132 1886 τους
2184 1838 2470 1893 raptaue-od

201 1900 299 1951 τοὺς
331 1899 560 1960 Τηλεβόας,
601 1907 677 1949 3341
706 1909 831 1950 etiam
862 1909 1115 1963 Apollonius
1151 1910 1328 1951 1.1.31
1360 1908 1575 1950 Hesiodus
1612 1920 1671 1949 sc.
1703 1909 1754 1948 19
1782 1910 2027 1961 nuncupant
2053 1906 2151 1948 illos
2177 1907 2300 1949 modo
2338 1906 2470 1949 Tele-

203 1972 306 2012 boas
332 1973 453 2013 4440410
483 1975 683 2027 Tapluos.
737 1976 905 2031 Itaque,
951 1980 997 2017 ut
1029 1978 1167 2018 omnia
1197 1988 1358 2017 summa
1394 1976 1533 2016 tribus
1569 1976 1717 2016 verbis
1743 1974 2016 2028 complectar,
2045 1975 2253 2027 rsequitur
2280 1973 2469 2027 Taphias

203 2040 355 2092 partim
386 2040 614 2082 incoluisse
643 2042 902 2085 occidentale
920 2045 1189 2086 Acarnaniae
1215 2044 1357 2099 1111443,
1385 2043 1537 2097 partim
1564 2054 1640 2084 eas
1669 2041 1851 2096 insulas,
1879 2053 1987 2096 quae
2013 2041 2186 2084 Ithacae
2212 2041 2258 2083 in
2283 2043 2470 2095 septem-

202 2107 380 2147 trionem
406 2119 560 2148 versus
587 2109 806 2164 adiacent,
834 2111 1015 2165 itemque
1040 2111 1307 2152 Eustathium
1334 2115 1384 2152 et
1400 2115 1566 2153 ceteros
1593 2112 1849 2164 interpretes
1876 2113 1949 2150 aut
1977 2112 2022 2151 in
2048 2121 2235 2151 errorem
2252 2108 2468 2160 incidisse,

203 2177 276 2214 aut
301 2186 452 2215 nomen
477 2176 740 2217 Echinadum
766 2178 916 2219 latiore
944 2191 1075 2220 sensu
1101 2181 1225 2220 etiam
1253 2178 1504 2220 Teleboidas
1531 2179 1695 2219 insulas
1723 2177 1983 2233 complexum
2016 2189 2128 2234 esse.
2182 2177 2395 2230 Denique,
2422 2179 2469 2215 441

205 2241 364 2293 04444413,
394 2253 500 2292 quae
538 2242 619 2282 huc
646 2245 861 2295 pertinere
887 2246 1071 2299 possint,
1099 2246 1332 2299 conferam,
1369 2249 1461 2285 erat
1487 2247 1611 2286 etiam
1645 2247 1747 2287 urbs
1786 2246 2003 2298 Taphos
2030 2247 2073 2286 in
2106 2246 2268 2299 insula,
2295 2245 2466 2286 Ithacae

204 2306 395 2359 proxime
422 2306 606 2361 obiecta,
637 2308 935 2365 Cephallenia,
963 2313 1083 2353 cuius
1111 2324 1214 2353 vero
1241 2312 1424 2365 incolae,
1467 2322 1590 2366 quum
1621 2313 1792 2366 Ulyssis
1819 2312 1968 2353 ditioni
1995 2313 2154 2354 fuerint
2180 2311 2357 2353 subiecti
2383 2309 2464 2357 (11.

204 2373 261 2427 Π,
288 2375 370 2414 634
396 2385 459 2426 sq.
472 2379 492 2420 )
505 2402 517 2426 ,
544 2385 804 2428 nequaquam
828 2377 1014 2430 intelligi
1037 2383 1229 2431 possunt.
1284 2379 1475 2421 Ceterum
1499 2380 1604 2421 haec
1630 2381 1864 2433 praedandi
1890 2381 2167 2433 consuetudo,
2194 2391 2316 2433 quam
2335 2389 2467 2431 supra

205 2441 545 2493 commemoravi,
574 2440 721 2480 iisdem
749 2445 1048 2485 Acarnanibus
1079 2457 1304 2498 eorumque
1336 2447 1517 2488 finitimis
1545 2449 1605 2488 ita
1635 2450 1916 2504 inveteravit,
1958 2453 2004 2488 ut
2040 2447 2301 2501 Thucydidis
2326 2445 2467 2489 adhuc

205 2507 461 2560 temporibus
499 2508 578 2550 hoc
623 2511 764 2563 prisco
800 2523 915 2552 more
953 2512 1154 2554 viverent
1190 2514 1365 2568 ideoque
1402 2514 1511 2555 haud
1548 2516 1697 2569 aliter,
1741 2516 1826 2556 nisi
1865 2516 1910 2556 in
1951 2516 2081 2556 armis
2125 2514 2357 2569 prodirent.
2412 2512 2466 2555 V.

207 2576 398 2630 Thucyd.
424 2576 459 2631 I,
486 2579 527 2617 5.

299 2643 365 2684 V.
397 2645 486 2684 106.
533 2641 781 2694 Quoniam’
763 2642 941 2687 ἔπειτα
968 2646 1057 2701 1413,
1102 2650 1147 2687 441
1181 2647 1413 2690 Η34444344441
1444 2649 1498 2690 341
1526 2651 1626 2704 Vig.
1654 2663 1694 2704 p.
1730 2652 1811 2691 784
1844 2654 1912 2691 331
1939 2618 2174 2705 sententia,
2217 2650 2373 2692 dictum
2401 2653 2466 2691 est

206 2708 260 2748 de
287 2721 336 2750 re
361 2711 555 2764 fortuita,
585 2724 692 2765 quae
727 2714 782 2754 ad
820 2715 884 2769 141,
902 2715 965 2755 de
999 2726 1079 2768 quo
1112 2716 1283 2771 agitur,
1309 2718 1412 2759 4411411
1444 2721 1517 2759 3441
1542 2722 1655 2759 33413
1686 2730 1771 2759 44044
1799 2719 1970 2759 multum
1996 2719 2121 2774 facit,
2152 2719 2271 2773 ideo,
2300 2723 2346 2759 ut
2375 2728 2465 2757 mea

205 2776 291 2817 t'ert
327 2779 486 2832 opinio,
533 2791 618 2820 non
646 2782 977 2824 convertendum
1003 2785 1118 2836 erat,
1164 2783 1214 2835 §le
1246 2784 1402 2836 spicum
1436 2788 1521 2839 ba,
1562 2786 1640 2828 1403
1671 2787 1782 2828 3441444
1809 2786 1863 2828 413
1889 2786 1981 2829 1030
2009 2786 2295 2842 accipiendum
2322 2787 2463 2840 33331,

207 2842 284 2885 3341
313 2845 361 2896 fic
386 2844 543 2896 spicum
570 2849 769 2890 0344444ῐό
798 2852 959 2903 grube.
1013 2850 1125 2892 Nam
1158 2853 1313 2906 negari
1347 2853 1492 2908 nequit
1525 2853 1598 2894 vel
1623 2854 1667 2894 in
1695 2853 1901 2896 eiusmodi
1931 2854 2059 2909 locis,
2101 2855 2190 2908 44141,
2236 2851 2343 2906 quod
2377 2862 2462 2892 non

208 2914 267 2954 ita
298 2914 500 2969 frequens
527 2921 616 2970 331,
662 2919 872 2961 Homerus
899 2922 953 2961 ab
991 2922 1070 2963 hac
1099 2922 1304 2975 particula
1336 2933 1491 2963 novam
1517 2923 1769 2965 sententiam
1803 2923 2024 2964 exorditur
2037 2953 2049 2975 ,
2094 2921 2305 2974 propriam
2332 2930 2463 2961 voca-

208 2980 296 3022 buli
331 2982 419 3023 vim
445 2995 530 3024 non
558 2997 735 3038 prorsus
764 2998 864 3029 esse
891 2988 1182 3030 oblitteratam.

2036 3059 2063 3095 4
2124 3082 2129 3086 .
