2667 3345
486 0 530 74 ‚l
576 0 643 71 Ἰ

479 73 616 123 Δ
1361 73 1404 122 3

226 209 460 244 enarrer
517 183 742 242 'liorum
769 201 818 240 in
846 199 1031 254 medio,
1059 202 1104 240 ut
1132 195 1344 252 (ld-VIII,
1362 199 1438 239 251
1445 211 1549 253 ,pro
1563 210 1643 254 quo
1657 200 1765 241 alias
1785 193 2112 252 εἷπεῖνέν,μετά
2129 200 2279 257 habes
2307 202 2485 258 utXVI,

226 271 325 322 378,
512 271 600 309 151.
628 268 678 307 Π.
706 267 764 319 Χ,
791 269 893 321 445,
922 267 1066 318 ΧΧΠ,
1095 268 1198 320 476,
1228 266 1395 319 XXIII,
1422 268 1516 320 781,
1544 269 1636 307 786.
1691 266 1760 307 Ex
1787 277 1838 305 ea
1863 267 1945 306 iam
1971 268 2230 309 derivandas
2257 280 2354 309 esse
2382 269 2486 310 reli-

224 344 336 388 quau
356 335 380 375 f
459 347 484 376 e
511 337 646 388 patet,
685 335 834 387 etita,
872 338 918 373 ut
943 334 1118 387 proinde
1148 335 1204 373 sit
1239 334 1447 386 alloqui
1474 335 1578 375 Hes.
1606 347 1672 387 op.
1703 336 1793 387 177,
1820 336 1913 387 244,
1944 336 2030 374 tum
2066 336 2312 378 indicare
2344 336 2483 391 XVII,

219 391 319 458 §Q
330 393 441 456 m,
467 404 566 455 561,
606 401 732 454 Apol.
761 401 899 442 Rhod.
926 402 1000 455 IV,
1033 404 1068 453 1,
1096 403 1144 455 2,
1186 400 1242 441 Η.
1271 401 1316 440 in
1347 401 1478 442 Merc.
1505 403 1609 456 433,
1650 401 1802 441 deinde
1828 404 1894 454 ut,
1930 413 2051 454 quum
2078 404 2390 456 praepositionis
2417 404 2486 444 vis

200 451 388 526 v*mino
424 468 621 522 perierit,
663 468 707 507 in
741 468 875 520 ipsam
918 471 1166 521 potestatem
1211 467 1414 519 simplicis
1447 469 1617 522 relapsa
1653 470 1729 521 sit,
1776 468 2023 522 significans
2062 468 2233 522 loqui,
2278 470 2484 526 dicere,

208 531 560 590 quemadmodum
589 534 667 576 od.
680 536 862 589 XXIII,
888 538 990 590 301,
1019 536 1068 576 11.
1100 536 1178 589 XI,
1207 536 1288 575 643
1315 532 1522 581 ἐνέποντες
1547 530 1651 589 πρὸς
1669 529 1882 589 ἀλλήλους,
1909 540 1952 577 et
1972 537 2206 589 saepissime
2231 538 2276 577 in
2302 538 2484 591 Hymnis

216 605 262 644 et
286 601 399 655 apud
427 601 697 655 Apollonium
724 602 945 644 Rhodium.
1000 602 1066 643 Ita
1083 605 1126 643 et
1145 563 1255 643 h⁷unc
1282 601 1416 643 locum
1434 603 1587 655 optime
1604 604 1973 657 interpretaberis.
2000 605 2076 646 De
2107 605 2221 645 viro
2250 604 2290 645 h.
2311 616 2349 645 e.
2374 605 2484 659 quod

214 669 270 710 ad
299 670 456 722 virum,
485 669 567 710 dic
593 670 715 709 mihi
743 670 904 710 Musa.

317 729 589 789 πολύτροπος.
634 736 881 790 Solertiam,
910 737 1173 791 prudentiam
1192 741 1235 778 et
1252 738 1447 779 astutiam
1465 748 1555 790 prae
1576 738 1730 778 ceteris
1749 738 1898 791 Ulyssi
1916 740 2069 792 tribui,
2099 739 2274 793 ideoque
2291 732 2482 793 πολύμη-

208 818 297 851 τιν,
323 797 622 857 πολυμήχανον,
639 797 900 858 πολύφρονα,
916 798 1222 858 ποικιλομήτην,
1245 798 1447 857 ἆγχίνοον,
1466 805 1686 860 ἐχέφρονα,
1705 807 1782 848 Διΐ
1795 809 1919 861 μῆτιν
1937 803 2159 850 ἀτάλαντον
2182 810 2264 857 (ΙΙ.
2283 810 2340 863 H,
2359 812 2480 863 636),

208 864 340 912 δόλων
367 864 485 919 ἆτον,
511 874 671 912 κακοῖσι
700 865 860 913 δόλοισι
886 871 1144 923 κεκαςμένον,
1172 867 1519 928 κερδαλεόφρονα,
1548 872 1766 919 παντοίους
1793 869 1938 920 δόλους
1962 870 2104 917 εἰδότα
2129 877 2182 918 ab
2199 878 2382 919 Homero
2402 888 2483 917 vo·-

209 940 320 994 cari,
348 943 575 1016 propterea
608 939 717 993 quod
743 932 854 990 μάλα
889 934 1037 979 πολλὸν
1068 935 1180 979 ἐνίκα
1208 939 1442 982 παντοίοισι
1468 935 1647 989 δόλοισι,
1673 939 1854 996 περίοιδε
1880 942 2023 996 νοῆσαι
2050 945 2129 990 (ΙΙ.
2159 945 2216 998 X,
2236 947 2361 1000 247),
2388 945 2483 1000 πέρι

208 1004 284 1055 μὲν
312 999 406 1043 νόον
426 1003 515 1044 ἐστὶ
542 1005 706 1058 βροτῶν
734 1011 798 1056 et,
826 1009 872 1044 ut
898 1007 991 1058 ipse
1018 1006 1071 1045 de
1097 1018 1145 1046 se
1174 1006 1282 1052 (od.
1301 1008 1381 1058 IX,
1404 1010 1483 1054 19)
1501 1009 1725 1061 praedicat,
1753 1009 1853 1047 πᾶσι
1873 1001 2052 1047 δόλοισιν
2070 1004 2329 1063 ἀνθρώποισι
2348 1010 2482 1061 μέλει,

208 1085 331 1114 nemo
360 1076 447 1128 est,
488 1075 558 1127 qui
592 1075 778 1129 nesciat,
820 1086 948 1127 porro
986 1078 1110 1115 extra
1153 1086 1313 1116 omnem
1348 1073 1645 1115 dubitationem
1683 1075 1863 1128 positum
1897 1079 1964 1115 est
1998 1073 2225 1129 τρέπεσθαι
2252 1078 2399 1118 crebro
2426 1078 2481 1118 ad

206 1142 390 1182 animum
428 1142 603 1196 referri,
642 1153 733 1195 quae
769 1153 910 1182 causae
946 1143 1136 1196 fuerunt,
1174 1154 1250 1182 cur
1286 1133 1542 1194 πολύτροπον
1571 1153 1732 1194 quoque
1767 1143 1826 1182 ita
1858 1143 2110 1196 acciperent,
2139 1147 2182 1183 et
2206 1145 2480 1198 interpretum

208 1209 389 1261 plurimi,
418 1212 461 1247 et
482 1208 579 1247 Liv.
600 1208 872 1248 Andronicus
899 1208 1009 1260 apud
1042 1208 1142 1248 Aul.
1171 1207 1280 1247 Gell.
1309 1207 1471 1259 XVHI,
1497 1210 1538 1258 9,
1568 1209 1685 1247 cuius
1713 1219 1797 1247 non
1827 1208 1953 1247 valde
1980 1209 2189 1248 laudabile
2215 1210 2334 1254 (Cic.
2360 1212 2480 1250 Brut.

212 1277 276 1326 18,
296 1275 379 1320 71)
399 1284 590 1328 carmen,
620 1273 729 1326 quod
748 1266 958 1313 Ὀδύσσεια
977 1277 1071 1314 erat
1097 1274 1368 1326 inscriptum,
1398 1273 1576 1325 incepit:
1606 1275 1751 1313 Virum
1774 1274 1898 1328 mihi,
1928 1274 2142 1329 Camoena,
2171 1277 2333 1330 insece,
2361 1288 2423 1317 ve
2434 1289 2481 1316 r-

209 1346 389 1381 sutum.
446 1340 650 1382 Omnibus
682 1345 820 1381 autem
852 1341 1084 1394 diligenter
1113 1339 1457 1393 perpensis‚fieri
1483 1351 1567 1378 non
1595 1341 1752 1393 potuit,
1790 1341 1888 1393 quin
1919 1353 2008 1381 cum
2035 1342 2111 1381 W.
2139 1342 2291 1382 Miiller
2322 1344 2479 1389 (ffierm.

210 1408 328 1458 &dnn
350 1411 429 1451 ffib.
450 1408 546 1456 IV.)
574 1412 616 1449 et
634 1409 857 1450 Nitzschio
877 1409 961 1456 (ad
991 1409 1033 1449 h.
1052 1409 1080 1449 l.
1113 1412 1156 1448 et
1188 1407 1344 1458 Quaest.
1364 1409 1485 1448 Hom.
1514 1409 1548 1462 Ι,
1577 1422 1617 1462 p.
1650 1412 1669 1449 1
1692 1433 1716 1441 -
1737 1412 1817 1458 15)
1844 1411 2025 1451 facerem
2044 1415 2167 1465 atque
2188 1425 2333 1454 vocem
2352 1424 2481 1454 sensu

207 1476 380 1529 proprio
400 1475 454 1515 de
480 1475 699 1516 multum
727 1476 782 1516 ia
798 1479 948 1517 ctato
976 1487 1070 1515 ver
1082 1478 1295 1529 satoque
1314 1477 1559 1530 acciperem.
1614 1478 1778 1518 Praeter
1804 1490 1868 1532 ea,
1896 1491 1988 1533 quae
2023 1481 2103 1520 viri
2123 1480 2233 1522 docti
2252 1481 2482 1522 attulerunt

210 1546 486 1597 argumenta,
516 1543 583 1582 his
621 1555 784 1596 quoque
812 1557 904 1583 sum
931 1547 1178 1596 commotus,
1206 1544 1405 1599 primum,
1435 1545 1544 1596 quod
1568 1546 1627 1584 ita
1653 1544 1860 1599 Odysseae
1888 1548 2026 1600 magis
2053 1560 2143 1588 cum
2170 1548 2315 1588 Iliadis
2342 1560 2480 1602 prooe—

207 1612 288 1651 mio
320 1611 570 1663 concordat,
599 1612 689 1663 ubi,
720 1613 779 1650 uti
800 1612 881 1665 hic,
910 1613 1172 1663 participium
1192 1605 1408 1664 οὐλομένην
1437 1624 1620 1664 sequens
1647 1615 1903 1667 enuntiatio,
1930 1610 1959 1666 ἢ
1983 1614 2094 1667 μυρί’
2119 1610 2296 1665 Ἀχαιοῖς
2321 1632 2356 1654 κ.
2380 1632 2415 1656 τ.
2434 1617 2481 1663 λ.,

207 1678 416 1732 explicat,
453 1678 625 1730 deinde,
664 1678 773 1729 quod
801 1679 885 1717 alia
913 1678 1123 1718 adiectiva
1152 1679 1339 1718 eiusdem
1367 1680 1574 1732 originis,
1602 1672 1836 1732 ἀπότροπος
1863 1681 2012 1731 (XIV,
2040 1683 2155 1728 372)
2182 1686 2225 1721 et
2251 1675 2481 1734 ὑπότροπος

206 1746 330 1799 (ΧΧ,
350 1748 450 1800 332,
481 1746 650 1798 ΧΧΙΠ,
683 1747 758 1791 35)
786 1757 990 1797 nusquam
1008 1757 1034 1786 a
1053 1747 1253 1798 primaria
1272 1747 1318 1787 vi
1337 1746 1536 1787 recedere
1555 1746 1848 1787 animadverti.

315 1813 367 1853 V.
396 1814 435 1852 2.
464 1805 671 1862 πλάζομαι
699 1816 742 1852 et
768 1806 964 1862 ἀλάομαι,
1001 1812 1112 1852 iinde
1138 1805 1299 1864 ἦλάσκω
1328 1815 1370 1853 et
1398 1805 1635 1865 ἦλασκάζω,
1678 1816 1724 1852 ut
1758 1813 1947 1854 eiusdem
1985 1813 2306 1867 significationis
2347 1814 2479 1868 vulgo

211 1882 484 1933 accipiuntur.
540 1882 604 1919 Eo
633 1885 790 1934 autem,
833 1885 1028 1931 quantum
1057 1881 1246 1932 equidem
1274 1879 1469 1930 loquendi
1496 1892 1614 1917 usum
1647 1881 1855 1933 cognovi,
1892 1881 2003 1919 inter
2037 1892 2085 1920 se
2113 1881 2328 1934 differunt,
2372 1881 2479 1932 quod

213 1949 294 1988 hoc
320 1948 565 2001 generalem
604 1949 792 2001 vagandi
829 1950 1038 1988 notionem
1070 1949 1288 2001 exprimit,
1318 1947 1434 2000 prius
1462 1957 1566 1985 vero
1594 1957 1670 1998 pro
1698 1946 1962 1986 derivatione
1988 1946 2042 1985 ab
2064 1948 2201 1987 activo
2221 1939 2386 1995 πλάζειν
2415 1953 2479 1993 (v.

213 2017 288 2062 75)
327 2015 381 2054 de
414 2015 490 2068 iis,
530 2016 615 2066 qui
649 2016 699 2054 vi
738 2015 958 2066 quadam
995 2016 1178 2068 coacti,
1221 2014 1344 2054 inviti
1379 2014 1510 2065 igitur
1548 2013 1867 2064 circumerrant,
1910 2013 2143 2053 adhibetur.
2199 2014 2481 2054 Conferantur

213 2081 292 2123 od.
327 2081 377 2122 V.
406 2083 512 2136 3893
543 2081 617 2136 VI,
651 2083 750 2137 278,
790 2081 913 2135 XIII,
940 2082 1038 2136 204,
1079 2081 1174 2135 XV,
1201 2082 1304 2135 311,
1341 2079 1500 2135 XXIV,
1527 2081 1608 2120 307
1635 2092 1725 2120 eum
1757 2079 1835 2121 od.
1862 2080 1918 2134 H,
1946 2081 2051 2135 370,
2088 2080 2166 2133 ΠΙ,
2195 2082 2262 2134 72,
2291 2082 2358 2136 73,
2385 2083 2480 2133 302,

213 2152 313 2203 313,
357 2149 452 2201 XV,
484 2152 558 2203 10,
603 2149 652 2188 Il.
682 2149 739 2203 X,
776 2151 864 2188 141.
922 2147 1074 2188 Sciens
1103 2150 1221 2188 omisi
1247 2148 1298 2188 Il.
1328 2149 1384 2201 X,
1410 2152 1486 2202 91,
1526 2149 1644 2203 XIV,
1676 2151 1776 2203 120,
1807 2149 1884 2189 Οά.
1913 2150 1969 2202 11,
2001 2151 2098 2196 133;
2126 2150 2200 2201 VI,
2227 2152 2328 2203 206,
2357 2150 2480 2202 XIII,

215 2219 316 2270 133,
360 2216 477 2267 XVI,
505 2219 583 2270 64,
626 2216 727 2268 ΧΧ,
756 2217 850 2268 340,
880 2227 971 2255 cum
1004 2215 1107 2254 nihil
1134 2217 1372 2268 argumenti
1411 2217 1603 2256 habeant.
1659 2217 1719 2256 At
1747 2228 1838 2257 non
1871 2216 2022 2267 ubique
2055 2216 2134 2256 hoc
2167 2216 2390 2256 discrimen
2427 2216 2480 2256 ab

213 2285 398 2323 Homero
424 2284 553 2335 probe
582 2284 748 2322 servari
774 2283 925 2322 docent
953 2282 1030 2322 Od.
1050 2283 1127 2335 ΙΠ,
1161 2285 1261 2336 106,
1292 2283 1386 2335 XV,
1415 2285 1514 2335 491,
1544 2282 1661 2333 XVI,
1695 2284 1783 2320 151.
1830 2283 2008 2334 Proprie
2037 2293 2198 2333 quoque
2223 2276 2405 2321 ἀλᾶσθαι
2428 2283 2482 2322 de

214 2351 268 2390 iis
297 2354 364 2390 est
390 2351 433 2390 in
461 2363 564 2403 usu,
595 2351 663 2401 qui
692 2354 764 2389 aut
791 2350 1007 2402 piraticam
1035 2353 1285 2389 exercentes
1314 2353 1398 2389 toto
1427 2351 1531 2389 mari
1564 2353 1778 2402 vagantur
1805 2349 1903 2402 (III,
1922 2351 1988 2403 72,
2007 2351 2096 2401 73),
2124 2353 2196 2389 aut
2218 2349 2481 2390 mendicandi

215 2429 342 2458 causa
377 2418 446 2457 hic
483 2417 571 2458 illic
600 2417 701 2470 vagi
731 2418 908 2456 omnium
937 2417 1052 2456 fores
1087 2417 1241 2456 adeunt
1268 2417 1427 2470 (XVII,
1460 2419 1559 2469 114,
1597 2417 1755 2469 XVIH,
1785 2419 1906 2470 401),
1945 2428 2027 2468 qua
2056 2428 2111 2456 ex
2139 2427 2187 2456 re
2214 2418 2337 2457 etiam
2365 2428 2481 2469 saepe

215 2495 386 2524 numero
424 2477 577 2536 ἀλήτης
604 2487 646 2523 et
672 2477 838 2536 ἆλήμων
865 2484 1048 2523 Homero
1076 2484 1103 2522 i.
1133 2494 1169 2522 e.
1199 2495 1238 2534 q.
1266 2476 1438 2530 πτωχός.
1456 2503 1511 2512 ——

331 2551 526 2606 Τροίης
566 2550 893 2606 πτολίεθρον.
957 2551 1306 2602 Quemadmodum
1350 2551 1449 2590 urbs
1488 2551 1637 2604 Troia,
1685 2552 1849 2604 Troiae,
1894 2551 2168 2592 Troianorum
2200 2552 2375 2606 Latine,
2423 2552 2481 2592 ita

218 2622 343 2662 etiam
371 2613 488 2666 πόλις
522 2619 650 2672 Τροίη
685 2620 766 2666 (Il.
795 2621 829 2673 I,
861 2622 981 2672 129),
1017 2618 1187 2672 Τροίης,
1224 2620 1319 2658 sive
1344 2612 1456 2657 ’[λίου
1484 2618 1562 2664 (Il.
1597 2619 1648 2669 V,
1668 2620 1793 2670 642),
1837 2610 1987 2670 Τρώων
2015 2619 2094 2665 (ΙΙ.
2127 2619 2184 2671 ΙΙ,
2222 2621 2314 2672 12),
2356 2618 2479 2659 deni-

219 2699 300 2741 que
327 2699 382 2727 ex
413 2698 531 2740 rege,
560 2680 678 2732 πόλις
705 2684 918 2739 Πρίαμοιο
947 2686 1026 2732 (ΙΙ.
1062 2686 1229 2738 XVIII,
1268 2686 1392 2736 288,)
1429 2684 1578 2725 Graece
1605 2684 1769 2725 dicitur.
1835 2683 2016 2734 Quarum
2053 2686 2300 2727 locutionum
2334 2686 2479 2726 eadem

219 2756 346 2811 plane
373 2756 443 2795 vis
472 2759 537 2794 est
565 2759 606 2795 et
640 2755 917 2809 significatio,
948 2766 1191 2806 quamquam
1224 2745 1375 2806 Τρώων
1402 2744 1519 2796 πόλις
1545 2753 1669 2791 etiam
1697 2752 1888 2805 regionis
1918 2754 2112 2793 Troianae
2138 2753 2263 2806 urbs,
2293 2757 2337 2793 ut
2362 2753 2413 2793 Il.
2442 2753 2478 2803 I,

222 2822 314 2875 164,
343 2835 441 2863 esse
470 2826 621 2876 potest.
676 2824 741 2861 Ita
769 2823 835 2862 hic
868 2834 1029 2873 quoque
1064 2819 1279 2872 Τροίης,
1316 2819 1457 2871 urbiS,
1495 2820 1661 2857 minime
1690 2830 1792 2858 vero
1818 2820 2011 2872 regionis
2038 2831 2186 2858 nomen
2215 2831 2312 2858 esse
2331 2830 2355 2856 e
2374 2819 2478 2858 locis

222 2903 248 2932 a
275 2891 496 2930 Nitzschio
525 2889 667 2930 allatis
695 2889 842 2928 videre
870 2892 948 2928 est.
1004 2890 1134 2928 Recte
1168 2888 1248 2926 iam
1276 2886 1521 2925 Eustathius
1548 2883 1792 2939 περίφρασις
1818 2885 1863 2926 δέ
1882 2884 1971 2933 ἐςτι
1990 2880 2038 2926 τό
2062 2884 2212 2938 Τροίης
2230 2881 2478 2937 πτολίεθρον

224 2954 313 2999 ἀντὶ
338 2959 413 3000 τοῦ
446 2956 586 3012 Τροία.
642 2957 802 2999 Confer
828 2956 1124 2998 Ruhnkenium
1153 2954 1206 2994 ad
1234 2953 1337 2993 Hes.
1366 2955 1471 3006 Asp.
1500 2954 1551 2993 V.
1579 2955 1632 2993 26
1658 2955 1700 2994 in
1728 2953 1808 3008 Ep.
1840 2954 1943 2998 Crit.
1972 2954 2005 2994 1.
