2667 3345
1261 100 1357 157 ‘m

281 238 334 280 V.-
365 239 458 280 109.
504 235 556 278 οἱ
580 233 693 286 μέν,
719 222 907 284 κήρυκες·
934 229 988 272 οἱ
1014 229 1096 279 δέ,
1119 223 1385 286 θεράποντες.
1437 232 1505 273 Ita
1534 230 1812 276 scholiastes.
1840 237 1976 278 Movit
2000 234 2111 278 haud
2135 233 2259 276 dubie
2284 232 2447 286 virum,

175 316 319 360 quem,
345 308 394 348 ut
419 304 567 356 video,
593 311 678 342 non
705 299 830 354 pauci
853 299 987 341 secuti
1014 301 1135 353 sunt,
1165 298 1296 354 quod,
1324 303 1370 341 ut
1388 300 1661 355 Eustathius,
1690 301 1886 355 opinatus
1913 307 1983 344 est
2009 302 2293 358 ἐνδοξοτέρους
2311 301 2449 357 9⁸96—

171 366 339 414 πόπω,
354 385 453 416 esse
466 366 561 416 τοὺς
572 362 770 422 κήρυκας,
797 368 974 421 ideoque
992 379 1143 407 munus
1162 368 1342 411 iuferius
1359 379 1529 409 mensas
1548 369 1744 423 spongiis
1763 361 2042 422 abstergendi
2060 370 2304 411 minime-ad
2323 367 2450 425 pra&

111 468 124 483 0
172 452 306 482 eones
327 441 552 495 pertinere.
600 435 809 489 Speciosa
827 447 932 476 sane
946 435 1195 487 minimeque
1214 446 1270 475 ex
1298 437 1584 489 grammaticis
1597 437 1773 490 ‘legibus
1799 435 2034 477 damnanda
2059 438 2285 478 sententia.
2330 438 2453 479 Licet

173 509 287 551 enim
319 521 373 550 ex
408 505 643 547 innumeris
671 504 902 558 exemplis,
950 515 1057 557 quae
1084 503 1196 556 apud
1228 503 1457 546 Homerum
1486 509 1529 546 et
1556 505 1667 559 apud
1703 508 1869 546 ceteros
1899 505 2129 558 scriptores
2154 505 2450 559 inveniuntur,

172 577 267 619 iure
294 575 542 630 colligatur,
581 584 660 627 pro
693 572 868 626 vulgari
904 570 1140 612 habendum
1168 581 1290 625 esse,
1309 592 1312 594 >
1328 573 1398 613 ubi
1427 567 1451 612 ὁ
1480 567 1576 624 μέν,
1608 573 1947 626 quemadmodum
1980 573 2224 614 Latinorum
2255 572 2371 628 hic,
2395 569 2450 614 ad

173 644 450 698 propinquius
468 653 620 681 nomen
640 640 874 693 referatur,
903 642 1042 678 tamen
1070 640 1179 678 satis
1202 639 1321 678 multi
1348 642 1428 681 loci
1457 643 1579 683 nobis
1607 644 1722 683 obvii
1750 646 1870 696 sunt,
1904 643 1947 682 in
1975 643 2123 695 quibus
2150 636 2172 681 ὃ
2199 638 2280 691 μέν·
2299 644 2342 681 et
2365 640 2451 682 hic

170 712 353 752 redeunt
379 710 435 751 ad
467 709 531 762 id,
578 708 687 760 quod
719 707 866 747 ordine
901 707 1127 748 antecedit.
1193 707 1263 747 Ex
1297 709 1445 759 quibus
1473 708 1578 750 locis
1605 721 1690 750 non
1718 710 1778 750 ita
1803 709 1974 750 difficile
2001 707 2280 750 demonstrari
2310 700 2452 760 potest

170 780 399 821 verissime
434 788 554 827 esse,
592 787 698 827 quae
734 775 789 816 de
826 776 1117 828 pronominum
1155 775 1241 816 hic
1265 795 1321 807 --
1355 776 1454 817 ille
1486 778 1533 817 vi
1577 780 1620 817 et
1664 790 1745 818 usu
1791 777 2031 818 acutissime
2077 788 2212 829 nuper
2250 775 2451 817 Tristium

170 847 244 888 ille
272 847 410 888 editor
446 845 647 897 (Lipsiae
675 845 808 890 1829)
839 843 895 884 ad
924 844 967 897 I,
992 845 1043 896 2,
1071 843 1305 896 annotavit,
1332 844 1451 884 cuius
1475 844 1608 884 verba
1636 843 1705 884 hic
1731 844 1921 883 inserere
1948 843 2088 882 iuvat:
2117 841 2178 885 5511
2205 841 2454 894 &egenffieen

170 913 315 967 [vegiebt
350 914 417 964 sud)
447 913 515 953 hic
541 910 714 962 jebetgeit
748 910 824 961 auf
851 912 922 952 ben
953 909 1223 962 &egenstanb'
1260 911 1325 950 ber
1356 910 1420 960 ffu-
1447 913 1516 951 ben
1544 910 1805 960 &presentant
1833 911 2016 950 entweber
2043 907 2174 957 braid)
2212 910 2331 955 (obet
2358 907 2450 959 aud)

171 983 236 1021 bet
267 980 356 1026 Scit
376 979 503 1027 nauh)
532 980 596 1018 bet
622 977 794 1028 nadyste'
835 979 923 1018 obet
959 979 1040 1018 bem
1070 976 1257 1026 OEinfluss'e
1291 977 1381 1023 aad>
1420 979 1482 1016 bet
1512 975 1716 1026 widytt‘gste
1750 975 1808 1022 ist.
1866 974 1976 1015 &ab
2011 974 2115 1015 beibe
2150 974 2451 1026 gleidmidytig,

170 1049 210 1099 so
239 1047 328 1100 geht
352 1047 420 1088 hic
448 1047 523 1096 auf
547 1048 623 1087 bae
654 1045 952 1097 ssestgencmnte.
1012 1043 1087 1085 Sic
1114 1044 1206 1095 ille,
1245 1054 1416 1094 quocum
1440 1041 1625 1082 conferri
1652 1044 1831 1094 possunt
1859 1040 2095 1082 Stallbaum
2121 1041 2174 1082 ad
2200 1039 2453 1082 Rudimanni

168 1115 274 1156 Inst.
304 1113 380 1156 Gr.
408 1113 444 1168 I,
475 1114 574 1167 198,
615 1111 785 1165 Grysar
815 1110 981 1163 Zbeorie
1013 1113 1079 1152 bes
1108 1109 1240 1150 larcin.
1279 1108 1410 1150 Ξῐίῐδ.
1444 1120 1519 1162 pg.
1553 1110 1630 1163 82,
1667 1107 1831 1151 Sanctii
1862 1109 1965 1149 Min.
1998 1109 2054 1164 Π,
2081 1111 2123 1163 9,
2152 1111 2192 1150 7.
2247 1107 2453 1163 Equidem

168 1183 304 1236 igitur
332 1181 476 1222 nullus
504 1180 691 1221 dubitem
720 1180 831 1220 idem
858 1182 1051 1231 spectare
1077 1177 1131 1216 ad
1159 1171 1181 1215 ὀ
1208 1174 1282 1226 μέν
1308 1197 1363 1207 -
1387 1173 1410 1216 ὀ
1442 1177 1507 1224 δέ,
1534 1178 1593 1218 ita
1623 1181 1670 1218 ut
1706 1173 1727 1218 ὃ
1755 1177 1829 1228 μέν
1857 1178 1910 1218 ad
1940 1178 2140 1218 remotius
2168 1182 2241 1218 aut
2267 1178 2322 1218 ad
2350 1189 2453 1231 pro-

170 1251 369 1303 pinquius
396 1260 549 1288 nomen
572 1248 804 1299 referatur,
836 1248 959 1298 prout
982 1245 1153 1284 maioris
1181 1245 1376 1283 momenti
1395 1255 1467 1284 res
1487 1245 1558 1285 vel
1578 1257 1763 1298 persona
1782 1249 1854 1286 aut
1871 1246 2115 1298 antecedat,
2145 1249 2218 1285 aut
2237 1250 2450 1299 sequatur.

168 1317 404 1369 Exempla,
435 1316 471 1355 si
504 1315 615 1355 forte
641 1315 856 1366 requiras,
893 1312 997 1352 haec
1031 1311 1205 1351 habeto:
1249 1309 1328 1352 od.
1356 1311 1478 1363 XIX,
1507 1314 1589 1352 564
1606 1315 1774 1366 -565,
1803 1313 1854 1354 Il.
1882 1313 1918 1367 I,
1946 1315 2027 1353 389
2045 1335 2101 1345 ——
2120 1314 2224 1366 391,
2253 1313 2327 1366 IV,
2359 1314 2451 1366 197,

168 1385 272 1437 207,
302 1383 354 1435 V,
387 1384 450 1434 13,
478 1383 547 1432 28,
578 1382 668 1431 145,
696 1381 790 1431 593,
819 1379 1096 1431 657-659,
1126 1377 1183 1431 X,
1211 1379 1317 1431 541,
1356 1378 1434 1437 XI,
1463 1380 1556 1432 472,
1585 1381 1856 1426 834-836,
1895 1379 2013 1432 XVI,
2041 1381 2142 1433 632,
2178 1379 2318 1432 XVII,
2346 1380 2454 1430 305,-

168 1449 333 1502 XXIV,
361 1450 469 1501 605,
500 1447 655 1499 Hymn.
689 1446 733 1485 in
758 1446 842 1497 Ap.
875 1446 946 1498 16,
975 1444 1019 1484 in
1052 1443 1181 1484 Merc.
1210 1445 1292 1484 315
1318 1448 1360 1484 et
1379 1446 1688 1500 31⁷3-Hesiodi
1716 1445 1834 1487 Scut.
1861 1448 1915 1486 55
1944 1450 1987 1487 et
2010 1448 2085 1501 56,
2115 1446 2274 1487 Herod.
2302 1446 2355 1501 V,
2383 1448 2451 1487 65.

167 1515 307 1567 Quum
334 1515 468 1568 igitur
504 1512 707 1566 loquendi·
734 1524 838 1552 usus
875 1522 961 1551 non
1008 1511 1169 1564 obstet,
1207 1510 1332 1551 facile
1365 1512 1419 1552 ad
1457 1512 1728 1554 Scholiastae
1770 1516 2023 1556 sententiam
2059 1513 2329 1569 accederem,
2367 1513 2452 1554 nisi

167 1583 253 1623 alia
284 1581 595 1634 interpretandi
631 1581 758 1632 ratio,
792 1579 1043 1619 Homericae
1072 1579 1362 1618 consuetudini
1389 1581 1528 1632 magis
1555 1585 1857 1633 consentanea,
1892 1581 2101 1621 subesset.
2154 1581 2453 1621 Nostro-enim

167 1652 264 1694 loco
290 1652 442 1691 iterum
476 1649 666 1703 inspecto
706 1651 748 1689 et
783 1647 908 1701 paulo
943 1647 1071 1687 altius
1098 1647 1297 1701 repetito,
1344 1649 1503 1702 patebit
1538 1661 1686 1690 vocem
1711 1642 1879 1703 κήρυκες
1916 1650 1983 1690 hic
2011 1651 2285 1703 praemissam
2323 1660 2422 1690 esse
2439 1680 2451 1703 ,

168 1720 237 1763 cui
265 1718 509 1773 explicandi
537 1730 666 1760 causa
703 1716 916 1758 addiderit
951 1719 1098 1770 poeta,
1128 1719 1174 1756 ut
1202 1715 1331 1771 solet,
1368 1709 1631 1770 θεράποντες.
1685 1717 1803 1769 Quae
1830 1718 2056 1772 explicatio
2094 1719 2193 1773 quin
2231 1729 2337 1758 vera
2371 1718 2451 1772 sit,

167 1799 256 1829 non
290 1791 430 1841 potest
457 1787 663 1853 dubiJeri,
707 1798 830 1838 quum
866 1787 1114 1838 propterea,
1158 1784 1267 1837 quod
1305 1795 1539 1838 praecones
1574 1786 1659 1826 alia
1690 1787 1887 1840 negotia,
1916 1798 2049 1840 aeque
2078 1786 2270 1841 humilia,
2299 1787 2453 1827 obeunt

170 1857 261 1903 (sic
292 1867 441 1909 aquam
465 1854 657 1895 manibus
676 1852 903 1894 infundunt
933 1855 1087 1906 [146],
1117 1853 1377 1906 omniumque
1395 1865 1556 1902 rerum,
1584 1865 1690 1907 quae
1710 1855 1765 1895 ad
1785 1855 1931 1908 epulas
1951 1856 2183 1909 pertinent,
2209 1866 2350 1896 curam
2368 1865 2452 1909 ge-

169 1927 317 1963 rentes
345 1926 388 1962 et
425 1923 469 1962 in
498 1922 710 1962 conviviis
739 1924 782 1960 et
808 1921 919 1960 inter
946 1919 1097 1972 pocula
1124 1920 1365 1960 ministrant
1400 1924 1526 1975 [1433
1554 1922 1650 1976 XV,
1684 1925 1780 1977 140,
1811 1923 1951 1976 XVII,
1978 1925 2082 1978 334,
2126 1922 2226 1975 ΧΧ,
2255 1923 2359 1976 276,
2400 1921 2451 1961 ΙΙ.

172 1991 337 2044 XVIII,
365 1992 471 2044 558,
500 1989 674 2042 XXIII,
704 1991 836 2036 3913:
891 1991 978 2028 tum
1011 1988 1206 2041 inprimis
1232 1990 1406 2040 propter
1436 1989 1631 2041 geminos
1658 1988 1797 2043 locos,
1827 1990 1897 2042 qui
1931 1989 2166 2031 sententiae
2190 1998 2308 2030 meae
2332 1988 2452 2030 veri-

173 2061 303 2099 tatem
330 2069 386 2098 ex
414 2058 525 2097 omni
561 2056 820 2096 dubitatione
848 2056 1053 2108 eximent,
1085 2067 1261 2107 quorum
1296 2055 1403 2094 alter
1430 2058 1498 2095 est
1523 2055 1574 2095 Il.
1602 2056 1637 2109 I,
1665 2058 1747 2097 320
1773 2059 1816 2097 et
1840 2058 1917 2097 321
1936 2068 1951 2095 a

498 2132 584 2178 ἀλλ’
612 2132 682 2190 ὅγε
715 2129 952 2188 Ταλθύβιόν
980 2150 1025 2176 τε
1051 2136 1119 2176 καὶ
1146 2127 1383 2190 Εὐρυβάτην
1410 2134 1670 2189 προσέειπεν,

497 2199 556 2246 τώ
587 2204 628 2245 οἱ
656 2203 750 2244 ἔσαν
777 2197 923 2257 κήρυκε
949 2204 1017 2243 καὶ
1043 2199 1203 2256 ὀτρηρὼ
1230 2195 1471 2254 θεράποντε.

174 2276 283 2316 alter
310 2273 389 2316 Od.
417 2273 580 2319 XVIII,
606 2275 713 2312 424:

499 2334 629 2394 κῆρυξ
656 2331 916 2389 Δουλιχιεύς,
947 2330 1144 2391 θεράπων
1172 2338 1208 2378 δ’
1234 2330 1283 2391 ἦν
1306 2329 1598 2390 Ἀμφινόμοιο,
1638 2337 1732 2384 (sic
1762 2337 1897 2377 locum
1928 2335 2238 2382 distinxerim).

177 2409 339 2462 Quibus
376 2409 482 2449 loeis
519 2409 671 2449 tertius
709 2407 891 2460 denique
927 2418 1012 2447 non
1046 2406 1222 2446 minoris
1257 2404 1457 2459 ponderis
1500 2403 1674 2445 accedit.
1736 2403 1957 2444 Mittuntur
1996 2402 2107 2443 enim
2144 2400 2313 2454 XVIH,
2350 2402 2458 2454 291,

179 2477 248 2529 qui
287 2476 399 2517 dona
431 2477 632 2529 afferant,
672 2486 926 2530 praecones,
966 2485 1071 2528 quos
1108 2472 1238 2528 paulo
1266 2474 1363 2527 post
1395 2472 1476 2512 297
1513 2474 1556 2512 et
1586 2472 1667 2513 300
1700 2463 1958 2525 θεράποντας
1986 2471 2112 2524 poeta
2147 2470 2285 2511 vocat.
2338 2467 2458 2509 Haec

180 2544 316 2584 omnia
344 2544 450 2584 satis
477 2547 592 2585 certo
615 2543 861 2584 documento
890 2545 1002 2595 sunt,
1032 2541 1159 2581 etiam
1186 2543 1334 2581 nostro
1362 2539 1452 2581 loco
1478 2531 1651 2594 κήρυκας
1677 2542 1721 2580 et
1746 2531 2007 2593 θεράποντας
2039 2537 2210 2579 eosdem
2242 2546 2361 2589 esse,
2389 2533 2459 2574 id-

182 2622 314 2663 eoque
347 2609 513 2662 οἱμὲν
539 2633 594 2642 —
622 2610 674 2651 οὶ
702 2609 757 2650 δέ
784 2611 852 2651 hic
880 2609 1003 2649 reddi
1031 2608 1189 2648 debere
1218 2608 1316 2647 alii
1342 2629 1396 2638 —
1422 2607 1544 2662 alii,
1579 2609 1674 2648 sive
1701 2619 1826 2661 pars
1853 2629 1908 2638 -
1934 2618 2074 2661 pars.
2131 2605 2249 2656 Quae
2280 2603 2460 2644 lociex-

183 2678 384 2733 pediendi
412 2680 518 2719 ratio
543 2679 702 2733 aliquid
729 2682 953 2732 praeterea
980 2675 1184 2730 praesidii
1203 2687 1229 2717 a
1248 2675 1397 2716 Wolfii
1414 2676 1753 2739 interpunctione
1773 2675 1912 2716 habet.
1929 2697 1984 2707 -—-
2005 2674 2086 2726 Qui
2105 2673 2173 2714 hic
2190 2663 2461 2725 θεράποντες,

183 2746 313 2788 iidem
344 2746 453 2786 alias
481 2750 552 2787 aut
582 2747 723 2800 κοῦροι
750 2749 893 2794 (148)
930 2745 1222 2799 nominantur,
1260 2746 1333 2784 aut
1360 2743 1580 2799 δρηστῆρες
1619 2742 1768 2798 (XVI,
1797 2745 1932 2798 248),
1961 2746 2034 2784 aut
2061 2740 2146 2782 νέοι
2172 2739 2296 2795 (XV,
2324 2739 2460 2792 330),

183 2819 258 2856 aut
284 2812 446 2866 ἕταιροι
473 2815 567 2853 sive
594 2813 734 2866 ἕταροι
766 2815 843 2860 (ΙΙ.
882 2813 1046 2866 XXIV,
1081 2814 1180 2859 575,
1216 2814 1326 2864 590,
1363 2811 1457 2865 XV,
1492 2814 1593 2865 404,
1628 2813 1763 2865 446),
1803 2814 1945 2863 utpote
1977 2813 2020 2850 et
2052 2809 2136 2863 ipsi
2161 2808 2252 2849 loco
2286 2807 2462 2848 honesto

185 2883 274 2923 nati
311 2881 511 2934 (κοῦροι,
538 2879 622 2920 νέοι
649 2880 730 2920 τῶν
763 2879 1011 2934 ἐλευθέρων,
1044 2880 1201 2919 Athen.
1229 2879 1282 2931 V,
1310 2879 1444 2932 241),
1474 2882 1517 2918 et
1544 2878 1716 2918 heroum
1742 2877 2026 2931 principibus,
2055 2876 2204 2930 quibus
2232 2886 2280 2915 se
2308 2870 2463 2915 addix-

188 2953 334 3003 erant,
374 2962 533 2991 summo
567 2949 770 3003 obsequio
797 2960 1036 3003 summaque
1068 2946 1342 2990 observantia
1371 2945 1712 2988 coniunctissimi.
1769 2945 1835 2986 De
1867 2944 1921 2986 iis
1956 2942 2196 2986 doctissime
2233 2939 2465 2995 disputavit

190 3017 523 3060 Nitzschius-ad
560 3017 635 3072 IV,
664 3019 730 3058 20.

2204 3051 2223 3074 0
