2667 3345
1293 138 1334 192 9

1911 237 1942 258 Α

286 272 501 327 ἔπερσεν.
529 270 628 310 Νοιι
646 268 780 310 ausim
797 281 889 311 cum
901 270 1126 313 Nitzschio
1146 268 1360 313 Eustathii
1386 273 1429 310 et
1454 267 1705 312 Scholiasta
1730 271 1984 314 sentenfina
2002 269 2083 313 reii

180 346 294 385 mant
318 341 363 381 in
381 337 528 391 primis
545 335 692 389 Ulyssi
711 335 789 377 hoc
814 336 858 376 in
887 347 1019 376 versu
1035 336 1180 377 Troiae
1197 329 1462 376 eversionem
1487 335 1657 376 ascribi.
1700 336 1811 377 Nam
1825 341 2136 392 proeterquan,
2217 324 2224 332 ¹

180 419 281 459 rus,
307 407 355 445 ut
382 403 532 446 Cicero
558 402 612 444 ad
635 403 809 444 Divers.
837 402 895 454 X,
926 403 977 441 13
1010 402 1093 456 ait,
1130 400 1271 456 illum,
1309 403 1464 457 quippe
1487 403 1557 456 qni
1583 403 1737 444 bellum
1765 405 2012 460 confecerit,
2053 414 2142 448 non

181 472 391 514 Achillem
416 468 701 523 πτολίπορθον
727 467 1092 521 (urbicapum)
1119 469 1326 525 appellat,
1367 470 1573 511 transfert
1596 470 1721 511 etiam
1738 469 1849 511 idem
1865 471 2015 524 ubique
2032 474 2076 514 in
2093 482 2154 514 m

180 551 341 582 omnem
368 539 490 580 huius
514 539 579 579 rei
605 535 800 590 gloriam.
857 534 1016 576 Confer
1041 535 1116 591 IV,
1145 538 1199 577 ’72
1224 549 1337 593 sqq.3
1380 537 1498 592 VIII,
1526 538 1608 579 502
1634 541 1678 578 et
1700 539 1808 592 5175
1836 537 1981 592 XXII,
2007 541 2099 580 230.
2154 537 2320 592 Quibus

182 610 308 651 etiam
333 607 478 661 procul
498 605 608 646 omni
626 603 750 644 dubio
779 602 1027 644 Criticorum
1058 604 1281 658 princeps,
1318 605 1596 646 Aristarchus
1614 606 1826 658 nimirum,
1854 604 2048 645 inductus
2074 610 2186 659 erat,
2214 609 2264 647 u't
2293 617 2353 647 ve

182 686 313 730 prope
331 685 499 725 omnes,
527 670 598 722 qui
615 681 728 710 nunc
750 662 941 721 Ἀχιλλῆα
956 667 1244 725 πτολίπορθον
1263 672 1435 727 habent,
1465 674 1584 714 obelo
1605 676 1784 714 notaret.
1833 671 1943 713 Vide
1960 671 2109 712 Wolfii
2126 674 2333 729 Prolegg.
2353 675 2450 715 256.

288 743 339 783 V.
366 744 407 782 4.
451 738 550 778 Non
573 748 629 777 ex
659 737 770 777 omni
791 739 913 790 parte
940 737 1153 793 placeant,
1180 750 1274 793 quae
1303 740 1358 782 de
1393 741 1439 782 vi
1466 744 1509 781 et
1536 753 1614 780 usu
1648 739 1907 794 pronominis
1945 733 2034 791 ὅγε
2067 738 2312 782 Passowius
2344 752 2382 782 s.
2406 751 2450 780 v.

183 809 347 862 attulit,
375 806 524 848 melius
551 804 807 856 Bernhardy
836 803 962 856 Synt.
990 818 1065 859 pg.
1092 809 1200 848 275:
1241 807 1301 850 &a
1329 808 1427 860 geigt
1452 807 1513 848 bie
1540 806 1739 851 Sbmtititt
1767 806 1866 848 einer
1885 807 2032 857 versun
2059 806 2125 856 fin·
2151 806 2233 848 eine
2260 807 2455 859 potifodye

184 876 396 926 §Doubumg
425 883 498 923 an,
527 875 572 911 ut
596 871 842 912 Latinorum
869 869 1026 912 idem.
1080 872 1116 911 δ’
1144 867 1229 925 ὅγε
1266 875 1397 927 igitur
1433 874 1587 914 Latine
1620 873 1790 913 reddam
1827 873 2081 925 idemque
2107 876 2152 913 et
2181 872 2452 926 Germanice,

185 954 283 998 non,
308 944 353 981 ut
385 938 784 991 NitzschiuS‚u11b
814 937 887 988 so,
915 937 993 979 sed
1022 941 1117 980 aab
1147 940 1285 990 aad>
1324 941 1415 994 vel,
1444 940 1554 993 quod
1593 940 1762 992 melius,
1801 940 1901 991 bod)
1930 940 2069 994 aad„
2110 953 2153 981 v.
2183 940 2344 994 Zumpt
2378 940 2453 981 Gr.

187 1007 231 1064 S.
256 1011 349 1051 697.
1192 1035 1200 1041 -
1714 1038 1729 1052 .

294 1077 345 1115 V.
372 1077 411 1114 5.
457 1088 545 1125 αρν
556 1088 617 1123 υμ
627 1085 738 1117 ενος
764 1072 1010 1112 Passowius
1034 1083 1181 1125 parum
1199 1076 1338 1128 recte,
1367 1078 1413 1114 ut
1430 1075 1552 1114 nobis
1572 1066 1735 1126 quidem
1750 1074 1942 1127 videtur,
1970 1075 2130 1114 reddit.
2160 1076 2239 1125 sein
2257 1074 2372 1116 &beu
2390 1078 2457 1116 ba

187 1153 264 1185 non
290 1143 464 1195 tageno.
519 1142 675 1182 Verum
713 1140 795 1180 iam
826 1138 934 1180 vidit
960 1139 1035 1179 W.
1063 1139 1218 1180 Miiller
1247 1139 1275 1181 l.
1311 1142 1353 1197 1.,
1392 1142 1517 1184 huius
1554 1141 1634 1183 loci
1672 1152 1853 1182 sensum·
1870 1142 1929 1181 ita
1954 1141 2200 1194 explicans·
2237 1135 2457 1196 ἀρνύμενος

190 1211 270 1261 bier
298 1221 340 1263 8¹¹
370 1210 629 1262 utingen,
671 1217 761 1249 erm
776 1207 918 1249 etben
944 1208 1106 1257 tudun
1138 1208 1180 1249 in
1207 1172 1455 1262 fflerbht’bung
1484 1208 1559 1250 mit
1584 1201 1698 1261 ψυχή
1730 1208 1776 1255 ist
1803 1210 1845 1249 εὐ
1873 1208 1934 1249 ein
1961 1207 2231 1260 (ἔτῖμιῐῑειι,
2258 1209 2457 1261 Ξὸεωαῐ),

190 1289 269 1319 ren
311 1281 388 1318 διὸ
418 1277 543 1327 sebon
570 1274 948 1324 Qorbanbenen,
984 1274 1058 1314 mit
1095 1266 1239 1319 νόστος
1267 1275 1371 1325 Ιῑιιιῗτ
1401 1279 1443 1316 εδ
1472 1277 1547 1325 auf
1572 1276 1632 1316 ein
1659 1275 1913 1326 &tlongen
1950 1275 2175 1330 bessjaod)
2212 1285 2266 1326 3¹¹
2291 1275 2458 1317 Φττίιυ

192 1347 361 1398 genben
390 1344 551 1394 binatio.
608 1341 737 1393 §parag
762 1344 828 1390 (Ι,
853 1342 897 1392 2,
926 1342 1007 1389 21)
1037 1340 1112 1390 [ἰεῦ
1140 1341 1315 1390 bie-erste
1340 1342 1587 1394 ffiabinbung
1616 1342 1747 1392 fautu.
1806 1340 1911 1393 Quae
1938 1342 2255 1397 interpretatio,
2285 1354 2378 1383 cum
2403 1343 2456 1384 ab

190 1414 283 1465 ipsa
310 1413 391 1452 loci
411 1414 564 1451 natura
586 1409 981 1450 commendationem
1007 1409 1102 1449 veri
1128 1409 1299 1463 habeat,
1325 1411 1476 1463 accipit
1501 1410 1789 1449 auctoritatem
1811 1420 1866 1448 ex
1893 1408 1945 1449 11.
1972 1409 2008 1463 I,
2041 1411 2142 1463 1595
2170 1409 2224 1462 V,
2251 1411 2355 1463 5535
2380 1409 2455 1461 VI,

191 1481 291 1533 4465
319 1478 465 1532 XXII,
496 1480 574 1519 160
601 1481 644 1518 et
674 1488 730 1517 ex
757 1476 968 1517 simillima
994 1476 1207 1517 sententia
1232 1476 1398 1530 XXIII,
1423 1478 1519 1518 253.
1546 1498 1601 1508 —-
1639 1477 1857 1518 Praeterea
1890 1476 2057 1529 nescio,
2088 1475 2187 1529 quid
2222 1486 2459 1518 commove-

192 1549 248 1589 rit
273 1547 391 1588 viros
422 1546 590 1600 doctos,
620 1548 665 1585 ut
693 1548 848 1599 praeter
881 1557 1007 1585 unum
1042 1543 1245 1587 Wolfium
1276 1545 1433 1592 mittet.
1462 1545 1579 1587 Ξίιιαῐ.
1608 1545 1687 1601 ΠΙ,
1719 1547 1855 1602 164),
1870 1545 2118 1587 derivantes
2155 1538 2374 1599 ἄρνυμαι
2404 1544 2457 1585 ab

191 1612 308 1676 α’ἱρω
325 1616 592 1657 coniurarent
617 1616 766 1654 contra
790 1613 1080 1668 Eustathium,
1106 1613 1195 1669 cui,
1233 1613 1358 1655 haud
1376 1612 1561 1655 absurde
1589 1613 1642 1654 ad
1669 1616 1873 1654 rationem
1905 1614 2147 1655 veterrimae
2174 1616 2457 1667 mercaturae,

192 1683 263 1723 ubi
291 1694 455 1722 merces
482 1681 671 1721 vicissim
706 1679 1068 1734 per-mutabantur,
1102 1682 1367 1736 respicienti,
1405 1685 1572 1734 etymon
1600 1682 1756 1722 habere
1788 1682 1956 1729 xidetur
1985 1682 2038 1721 ab
2066 1674 2203 1733 ἀρνός,
2230 1681 2456 1734 adficiens,

184 1749 261 1789 ,καὶ
287 1748 376 1789 ἐστὶ
400 1745 551 1800 κυρίως
565 1745 639 1797 μὲν
667 1740 887 1798 ἄρνυσθαι,
912 1740 980 1793 τὸ,
1006 1740 1109 1801 ἄρνα
1135 1739 1300 1786 διδόντα
1325 1742 1380 1793 ὡς
1406 1746 1449 1788 ἐν
1475 1749 1728 1802 καταλλαγῇ,
1755 1741 2066 1800 ἀντιλαμβάνειν
2092 1762 2135 1787 τι
2153 1746 2292 1801 ἕτερον
2308 1741 2460 1801 χρήσι-

193 1831 290 1867 μον,
315 1814 645 1867 καταχρηστικῶς
671 1813 739 1861 δὲ,
764 1813 835 1853 καὶ
858 1808 908 1853 τὸ
935 1808 1073 1859 ἁπλως
1098 1808 1539 1856 ἆντικαταλλάσσεσθαι
1584 1845 1595 1854 .
1650 1845 1659 1854 .
1714 1845 1724 1854 .
1778 1845 1790 1855 .
1844 1811 1951 1855 οὕτω
1979 1814 2047 1855 καὶ
2075 1808 2157 1856 ἀπὸ
2185 1815 2267 1854 τῶν
2293 1807 2460 1860 πώλων,

194 1879 355 1938 ε’ίρηται
381 1876 429 1922 τὸ
456 1881 626 1921 πωλεῖν.
665 1873 823 1934 ἀρέσκει
850 1879 896 1920 δέ
926 1892 1012 1921 τισι
1047 1879 1115 1920 καὶ
1140 1874 1220 1921 ἀπὸ
1248 1881 1330 1921 τῶν
1354 1876 1457 1922 όνων
1482 1877 1532 1923 τὸ
1560 1878 1758 1923 ὠνεῖσθαι
1783 1875 2057 1936 παράγεσθαι.
2108 1881 2295 1922 Verbum
2326 1881 2461 1935 igitur

194 1947 369 2006 ἄρνυμαι
396 1961 451 1990 ex
480 1950 730 2003 angustiore
757 1949 956 2002 primaria
988 1959 1066 1989 sua
1100 1950 1171 2002 vi,
1210 1953 1256 1989 ut
1286 1951 1411 1991 multa
1442 1951 1548 2005 alia,
1584 1951 1740 1990 sensIm
1772 1951 1924 1991 exiens
1959 1949 2113 1990 deinde
2148 1949 2340 1989 latiorem
2381 1958 2461 2034 po-

196 2021 411 2070 testatem,
440 2016 494 2057 de
529 2027 611 2068 qua
640 2026 772 2067 supra
801 2018 1159 2056 commemoratum
1191 2019 1278 2069 est,
1306 2020 1476 2070 accepit.

302 2098 408 2124 τε-
432 2082 518 2123 καί
544 2083 716 2135 propria
734 2083 1043 2135 significatione
1061 2095 1145 2124 non
1163 2083 1359 2123 differunt
1375 2085 1429 2123 ab
1448 2080 1497 2123 οὐ
1512 2077 1684 2133 μόνον-
1701 2077 1804 2122 ἀλλὰ
1829 2081 1917 2130 καί,
1951 2094 2057 2122 ιιοιι
2088 2082 2258 2122 solum
2284 2102 2339 2110 —
2365 2079 2460 2119 sed

197 2152 373 2206 etiam,
402 2149 442 2190 h.
471 2161 508 2190 e.
538 2149 604 2189 his
626 2149 841 2203 particulis
868 2149 1071 2191 eiusmodi
1099 2149 1283 2191 membra
1309 2150 1494 2205 legitime
1521 2150 1858 2204 coniunguntur,
1887 2160 2060 2202 quorum
2087 2147 2298 2202 posterius
2326 2146 2460 2187 maio·-

198 2221 260 2260 ris
288 2223 354 2259 est
379 2219 755 2279 gravitatis‚quam
785 2218 917 2271 prius.
974 2217 1055 2268 Qui
1082 2230 1185 2259 usus
1210 2223 1281 2259 est
1311 2219 1697 2271 frequentissimus,
1735 2228 1977 2270 quamquam
2005 2228 2088 2256 non
2118 2219 2183 2255 est
2201 2213 2459 2255 infitiandum
2529 2249 2532 2253 ,

198 2287 366 2327 easdem
398 2287 626 2339 particulas
653 2290 696 2326 et
727 2285 838 2338 apud
867 2285 1117 2339 Homerum,
1144 2290 1188 2326 et
1218 2287 1328 2340 apud
1356 2288 1461 2327 alios
1489 2288 1719 2338 scriptores
1747 2286 1903 2337 passim
1931 2295 2007 2336 pro
2035 2298 2079 2322 τε
2097 2310 2127 2316 -
2146 2297 2191 2323 τε
2217 2282 2312 2321 sive
2338 2279 2410 2319 καί
2427 2303 2459 2312 -

198 2352 266 2393 καί
294 2353 335 2393 h.
364 2364 400 2392 e.
429 2356 479 2392 et
496 2374 520 2382 —
539 2356 588 2391 et
614 2353 806 2404 reperiri.

304 2421 356 2460 V.
383 2423 422 2460 6.
462 2413 683 2472 ἑτάρους
708 2432 785 2472 pro
813 2413 919 2464 τούς.
972 2421 1038 2460 Ita
1062 2423 1255 2475 saepius,
1285 2423 1353 2461 ubi
1378 2431 1601 2474 pronomen
1620 2418 1856 2469 sufficeret,
1887 2430 1977 2457 cum
1995 2419 2040 2457 vi
2060 2417 2235 2468 quadam
2254 2417 2455 2456 substan-

199 2489 329 2528 tivum
357 2488 543 2540 ponitur,
583 2486 727 2527 confer
762 2488 840 2540 515
872 2487 1031 2529 Herod.
1059 2489 1094 2541 I,
1121 2491 1171 2528 61
1211 2483 1316 2528 κατὰ
1350 2483 1424 2540 τὴν
1460 2482 1679 2537 ὁμολογίην
1715 2480 1791 2537 τὴν
1829 2479 1931 2537 πρὸς
1968 2483 2185 2536 Μεγακλέα
2220 2482 2456 2536 γενομένην,

198 2553 338 2607 ’γαμέει
363 2553 439 2594 τοῦ
465 2552 698 2606 Μεγακλέος
725 2547 798 2606 τὴν
825 2552 1034 2609 θυγατέρα
1061 2558 1103 2595 et
1131 2555 1307 2596 eundem
1334 2555 1410 2607 ΠΙ,
1437 2555 1491 2593 64
1518 2553 1560 2592 in
1593 2552 1687 2591 fine.

307 2621 409 2677 πέρ.
462 2623 575 2663 Loco
602 2620 746 2675 καίπερ
773 2623 1026 2676 participiis,
1055 2623 1278 2664 adiectivis
1305 2627 1347 2663 et
1373 2621 1586 2662 adverbiis
1613 2620 1682 2660 vel
1709 2618 1802 2672 πέρ,
1839 2620 1910 2660 vel
1938 2617 2009 2658 καί
2041 2617 2147 2665 (od.
2176 2619 2232 2673 H,
2261 2620 2366 2673 3435
2405 2617 2455 2659 11.

199 2693 279 2743 IX,
318 2695 424 2738 655]
465 2703 555 2731 cum
593 2691 901 2744 significatione
937 2691 1197 2743 quamvis,
1235 2691 1369 2731 licet
1409 2690 1612 2730 adiicitur.
1677 2688 1884 2740 Exempla
1920 2688 2043 2727 huius
2077 2700 2185 2734 usus
2227 2688 2456 2740 diligenter

202 2757 456 2811 colligemnt
482 2758 670 2811 Vigerus
699 2771 772 2812 pg.
800 2760 876 2798 441
906 2761 950 2799 et
974 2759 1073 2811 525,
1100 2757 1368 2799 Hermannus
1400 2757 1454 2797 ad
1483 2757 1657 2797 eundem
1686 2768 1759 2809 pg.
1787 2757 1880 2797 837.
1934 2754 2111 2796 Monere
2140 2758 2277 2797 autem
2302 2755 2373 2794 hic
2390 2754 2456 2793 in-

204 2830 277 2867 vat
302 2827 487 2879 saepius<
523 2839 525 2841 ’
556 2825 580 2866 .’“
610 2824 704 2878 πέρ,
731 2827 801 2867 ubi
829 2825 978 2868 iisdem
1004 2824 1178 2866 vocibus
1204 2829 1272 2866 est
1290 2826 1493 2879 iunctum,
1522 2825 1693 2878 propria
1710 2828 1752 2864 et
1771 2824 1905 2877 prima
1931 2835 2009 2863 sua
2035 2823 2342 2876 significatione
2359 2831 2457 2862 esse

204 2894 500 2948 admodum,
532 2894 717 2948 valde,
748 2894 866 2935 cuius
893 2906 996 2934 usus
1022 2892 1213 2945 exempla
1246 2892 1376 2933 habes
1402 2893 1508 2947 3155
1538 2891 1614 2933 od.
1644 2892 1743 2946 XII,
1771 2893 1880 2946 3405
1908 2890 1964 2931 Η.
1994 2891 2038 2930 in
2066 2891 2170 2930 Ven.
2201 2890 2300 2940 139,
2329 2898 2459 2941 prae-

199 2962 327 3014 cipue
355 2972 457 3001 vero
486 2961 535 3000 Il.
564 2961 598 3014 I,
631 2963 720 3013 131,
748 2962 842 3013 352,
870 2963 963 3014 587,
992 2961 1061 3001 ubi
1086 2959 1161 3012 πέρ
1187 2960 1352 3001 minime
1380 2960 1433 3000 ad
1461 2960 1743 3013 participium,
1783 2953 1865 3000 sed'
1887 2958 1942 2998 ad
1969 2956 2261 3011 praecedentia
2283 2948 2461 3007 ἀγαθός,

2037 3055 2063 3092 2

2614 673 2667 739 Α
