2667 3345
2406 60 2427 68 ς

538 9 582 58 .ὶῇ

1285 64 1357 122 16

168 200 274 252 δοες
473 228 487 255 ,
518 201 615 252 ¹4⁶3
643 196 705 237 n:
723 198 775 251 v,
803 200 896 239 420.
953 198 1033 240 cai
1060 197 1124 237 rei
1157 197 1285 238 haud-
1305 185 1483 250 par‘vum
1509 197 1766 250 praesidium
1794 201 1952 241 erit-111
1988 202 2200 255 singulari
2235 202 2314 253 τῷ,
2347 203 2442 257 un,

168 264 303 309 veluti
426 261 428 263 ’
467 265 606 319 XVII,
634 265 739 319 244,
769 265 833 308 sic
863 267 1115 319 usurpatur,
1144 268 1191 306 ut
1227 265 1338 306 verti
1365 263 1518 305 debeat
1549 256 1663 303 tuni.
1718 263 1948 318 Nonnulla,
1976 278 2085 319 quae
2113 268 2193 310 huc
2217 268 2443 324 pertinent,

164 338 326 388 *ota
415 333 543 375 Wolf
564 333 620 373 ad
643 333 695 373 11.
723 334 759 387 1,
787 336 876 376 5ss
909 334 1174 374 Auctoritate
1201 332 1470 374 Scholiastoe
1495 333 1616 372 nisus
1643 332 1686 371 in
1714 335 1860 371 nostro
1888 342 2028 372 versu·
2047 345 2140 375 eam
2166 337 2445 388 significatio-

155 385 316 461 μ’
368 413 434 442 am
459 400 594 453 primo
622 399 714 442 loco
744 402 889 453 posui,
927 399 1205 453 probabiliter·
1229 401 1405 453 insuper
1431 400 1579 441 verbis
1603 392 1852 440 ἀθανάτοισι
1878 390 2060 451 μετηύδα
2084 405 2156 447 (ν.
2184 403 2268 451 31)
2294 404 2446 446 defen..

148 458 280 521 lam,
319 468 495 509 retineo.
2406 482 2408 486 ,

273 535 324 575 V.
352 535 420 575 29.
466 526 676 585 ἀμύμων
703 535 731 574 i.
760 546 799 587 q.
827 526 1052 585 ἀμώμητος
1078 531 1159 579 (n.
1177 530 1283 588 ΧΠ,
1307 533 1438 585 109),
1466 524 1658 581 ἄμωμος,
1687 529 1832 581 μῶμον
1850 529 1919 570 καὶ
1935 523 2071 583 ψόγον
2096 523 2168 570 οὐκ
2185 528 2312 582 ἔχων,
2339 546 2443 577 non

162 599 658 655 reprehendendus.
714 600 795 642 Est
819 600 931 641 enim
956 599 1144 641 Homero
1170 592 1363 653 ἀμύμων,
1393 599 1627 653 quicunque
1654 598 1782 639 animi
1805 599 2054 652 corporisve
2080 609 2164 639 una
2197 598 2445 653 pluribusve

159 668 327 710 dotibus
353 668 466 709 inter
492 667 602 709 alios
629 666 823 720 excellit,
865 667 1099 720 cuicunque
1136 670 1203 707 est
1235 661 1285 706 τὸ
1321 662 1497 719 εὐγενές,
1537 661 1588 705 τὸ
1613 659 1785 712 εὐειδὲς,
1828 661 1876 706 τὸ
1903 661 2088 713 συνετὸν,
2135 668 2201 707 καὶ
2227 664 2266 707 εἴ
2293 668 2338 708 τί
2364 682 2444 710 που

157 731 269 777 ἄλλο.
323 725 534 790 Idipsum,
564 733 674 789 quod
710 733 915 789 diximus,
945 735 1182 775 confirmari
1210 737 1351 787 potest
1380 744 1437 773 ex
1464 733 1515 774 Il.
1542 733 1617 786 VI,
1650 735 1728 773 155
1765 745 1829 785 sq.

483 811 611 870 αὐτὰρ
640 816 823 862 Γλαῦκος
850 812 1007 857 ἔτικτεν
1031 809 1277 867 ἀμύμονα·
1300 806 1649 868 Βελλεροφόντην,
1686 814 1770 859 (sic
1797 814 2201 866 interpungendum)

478 884 539 937 τῷ
565 883 611 924 δὲ
638 883 737 926 θεοὶ
765 877 912 930 κάλλος
937 897 983 924 τε
1010 883 1078 924 καὶ
1104 877 1273 938 ἠνορέην
1300 879 1507 938 ἐρατεινὴν

480 946 662 993 ὤπασαν.

157 1033 338 1075 Sublicit
364 1035 477 1076 enim
505 1035 574 1076 hic
602 1047 659 1076 ex
686 1047 802 1076 more
831 1048 907 1075 suo
936 1039 1059 1088 poeta
1086 1035 1294 1075 adiectivo
1333 1034 1577 1083 sequentem
1616 1033 1890 1086 sententiam,
1935 1045 2015 1085 qua
2055 1036 2253 1088 exponit,
2295 1037 2443 1089 quibus

156 1101 200 1141 in
228 1100 358 1141 rebus
386 1100 678 1155 Bellerophon
707 1102 887 1143 eximius
914 1102 1081 1156 fueriflt.

265 1167 319 1207 V.
346 1169 414 1208 31.
461 1161 551 1220 ὅγε
577 1167 741 1209 reducit
771 1168 964 1221 saepius,
992 1177 1207 1220 sermone,
1239 1166 1308 1217 qui
1336 1165 1556 1205 inchoatus
1586 1169 1701 1219 erat,
1731 1166 1980 1219 interposita
2009 1169 2221 1210 sententia
2247 1171 2437 1223 abrupto,

157 1233 212 1274 ad
232 1233 369 1288 illum,
399 1233 451 1275 de
471 1246 551 1287 quo
573 1236 730 1288 agitur.
787 1234 1038 1288 Conferant,
1068 1235 1137 1286 qui
1158 1233 1268 1274 hunc
1288 1246 1406 1274 usum
1425 1245 1687 1287 cognoscere
1706 1235 1894 1288 cupient,
1925 1248 1967 1276 v.
1993 1238 2069 1292 263
2096 1237 2154 1289 II,
2174 1239 2248 1293 243
2277 1238 2441 1291 XXIV,

156 1304 262 1358 4²53
289 1303 419 1356 11.11,
442 1305 533 1357 109,
553 1305 657 1357 6943
680 1304 882 1357 111,3as;
902 1303 955 1357 v,
980 1304 1070 1359 155,
1090 1304 1191 1356 33¹3
1220 1301 1424 1355 Ix,565;
1454 1302 1655 1355 xl,461;
1684 1302 1909 1357 XI1,2983
1930 1303 2053 1357 xm,
2079 1305 2442 1359 153xrv,37.-

266 1368 370 1411 Cum
388 1370 636 1423 Passowio,
672 1369 943 1421 μεταυδᾶν
971 1370 1168 1421 alloqui
1210 1370 1537 1423 interpretante,
1566 1382 1650 1410 non
1674 1370 1909 1412 faciendum
1927 1382 2026 1412 esse
2051 1376 2203 1425 putem.
2263 1373 2345 1413 Est
2362 1385 2441 1427 po-

156 1437 266 1490 tius,
295 1440 341 1477 ut
369 1438 612 1490 primariam
640 1441 683 1478 et
714 1438 1014 1491 principalem,
1043 1438 1123 1478 imo
1151 1438 1336 1490 unIcam,
1364 1448 1487 1489 quam
1514 1437 1557 1478 in
1587 1437 1822 1479 Homericis
1850 1439 2101 1480 carminibus
2128 1444 2266 1493 tenet,
2296 1445 2441 1494 potes-

156 1508 284 1545 tatem
314 1505 590 1558 constituam,
633 1504 839 1560 dicere,
883 1505 1048 1546 verba
1098 1505 1283 1545 facere
1323 1504 1459 1543 inter
1499 1503 1655 1558 alios,
1699 1504 1923 1544 aliorum
1959 1505 2011 1545 in
2047 1505 2242 1560 medio,
2283 1507 2361 1547 hoc
2398 1512 2440 1547 te

155 1572 324 1613 docebit
350 1574 678 1627 praepositionis
718 1567 840 1625 μετά,
881 1575 952 1614 ubi
984 1587 1076 1614 cum
1112 1573 1256 1612 dativo
1294 1571 1526 1624 coniuncta
1555 1571 1665 1624 apud
1705 1575 1852 1623 poetas
1880 1573 2110 1625 reperitur,
2151 1574 2436 1629 significatus3

155 1640 236 1680 hoc
268 1644 546 1693 cognatorum
576 1641 802 1682 verborum
829 1639 1102 1693 μεταφωνέω,
1141 1631 1377 1691 μετάφημι,
1417 1639 1611 1687 μετεῖπον
1652 1638 1846 1692 (XXIV,
1875 1640 1955 1680 44²
1982 1642 2025 1680 et
2052 1641 2164 1688 441)
2198 1641 2287 1695 vis3
2332 1642 2436 1696 hoc,

155 1706 266 1759 quod
295 1720 388 1749 cum
424 1708 579 1762 plurali
616 1721 791 1750 numero
819 1712 979 1751 tantum
1017 1708 1295 1762 construitur,
1333 1704 1597 1759 singularem
1625 1716 1728 1746 vero
1756 1718 1933 1760 prorsus
1960 1706 2014 1747 ab
2042 1718 2090 1748 se
2127 1709 2335 1768 spernit,
2361 1709 2439 1750 hoc

156 1774 337 1828 denique
375 1775 601 1816 verborum
638 1775 850 1829 alloqui
878 1770 1206 1829 significantium
1240 1777 1443 1828 perpetua
1471 1773 1563 1814 fere
1597 1786 1691 1814 cum
1724 1776 1966 1815 accusativo
2004 1777 2278 1831 constructio,
2316 1789 2437 1829 quam

157 1842 510 1896 significationem
550 1855 674 1895 quum
716 1846 813 1896 post
848 1843 1078 1883 Homerum
1115 1842 1348 1894 acceperit,
1390 1840 1484 1879 ideo
1520 1844 1605 1880 tum
1633 1853 1794 1893 quoque
1831 1853 1915 1882 non
1951 1841 2086 1882 solum
2123 1844 2435 1896 accusativum,

158 1909 235 1949 sed
270 1910 395 1949 etiam
431 1910 701 1962 singularem
738 1908 793 1949 ad
819 1921 868 1949 se
885 1908 1067 1949 admisit.
1122 1907 1232 1949 Vide
1259 1907 1400 1962 Apoll.
1429 1908 1566 1950 Rhod.
1598 1911 1655 1963 11,
1684 1912 1824 1950 54.-
1861 1909 2057 1951 Ceterum
2093 1911 2311 1965 gravioris
2346 1924 2438 1953 mo-

158 1978 288 2018 menti
316 1989 412 2017 res.
440 1979 767 2030 quotiescunque
794 1976 965 2031 agenda
1002 1980 1088 2030 est,
1129 1976 1301 2031 Jupiter
1336 1973 1780 2029 deorumconsilium,
1824 1975 1932 2028 quod
1961 1979 2073 2018 inter
2106 1977 2357 2030 epulandum
2395 1984 2439 2019 et

159 2043 386 2097 potandum
413 2043 657 2096 plerumque
692 2043 891 2097 habetur,
932 2042 986 2083 ad
1019 2053 1068 2083 se
1101 2050 1336 2082 convocare
1370 2040 1496 2093 solet,
1539 2045 1584 2080 ut
1609 2045 1785 2094 apparet
1812 2053 1866 2081 ex
1893 2043 1945 2096 V,
1974 2045 2022 2097 33
2052 2043 2103 2083 Il.
2137 2043 2213 2098 IV,
2245 2048 2281 2097 1,
2312 2045 2435 2099 VIII,

158 2112 200 2162 2,
231 2111 457 2163 praecipue
491 2121 595 2149 vero
624 2122 679 2149 ex
708 2110 810 2161 XX,
839 2114 878 2162 4,
908 2109 1019 2149 unde
1050 2108 1251 2148 discimus
1278 2119 1360 2145 non
1399 2107 1532 2146 solum
1559 2107 1662 2147 deos
1690 2121 1933 2161 supremos,
1963 2110 2040 2150 sed
2068 2112 2214 2162 etiam,
2253 2116 2297 2151 ut
2330 2111 2438 2153 Ovi—

160 2177 219 2218 dii
248 2178 396 2218 verbis
434 2182 549 2231 utar,
589 2177 800 2230 Superum
837 2177 1021 2229 plebem,
1064 2176 1258 2216 Flumina
1290 2178 1329 2213 et
1359 2173 1581 2227 Nymphas
1608 2186 1658 2215 eo
1690 2186 1775 2215 una
1803 2187 1894 2216 cum
1928 2177 2162 2227 ceterisad
2196 2176 2439 2220 deliberan—

159 2243 257 2285 dum
285 2245 554 2286 convenisse.
612 2244 868 2286 Conferendi
898 2254 1059 2296 quoque
1087 2246 1188 2282 sunt
1215 2242 1385 2281 Homeri
1414 2242 1644 2281 imitatores
1670 2242 1883 2294 Virgilius
1910 2244 2019 2283 Aen.
2049 2244 2107 2297 X,
2138 2246 2158 2284 1
2190 2247 2233 2284 et
2257 2240 2437 2286 Ovidius

158 2311 259 2352 Met.
290 2313 325 2366 1,
357 2314 447 2352 167.

266 2379 317 2418 V.
346 2380 414 2419 33.
462 2376 504 2418 οἱ
529 2375 626 2417 θεοί
652 2374 806 2423 α’ἰτιοι,
843 2372 890 2416 οὐ
916 2371 998 2429 μὴν
1023 2369 1214 2417 ἁπάντων
1241 2388 1286 2426 γε
1318 2380 1404 2420 (sc.
1434 2376 1515 2416 τῶν
1543 2377 1794 2431 συμφορῶν)
1826 2371 2015 2431 καθάπερ
2043 2376 2084 2419 οἱ
2111 2373 2331 2434 ἄνθρωποι
2359 2394 2437 2421 νο-

160 2445 343 2495 μίζουσι,
371 2444 523 2497 quibus
562 2443 708 2486 verbis
736 2442 1001 2485 Scholiastes
1030 2443 1183 2497 optime
1208 2441 1417 2496 paululum
1438 2444 1623 2493 ¹abditum
1643 2445 1768 2487 huius
1799 2445 1879 2487 loci
1900 2457 2071 2488 sensum
2090 2448 2277 2502 exponit.
2322 2447 2437 2489 Dicit

162 2513 271 2552 enim
302 2511 472 2565 Jupiter
499 2509 598 2551 hoc:
638 2520 908 2563 quaecunque
943 2509 1054 2549 mala
1081 2508 1271 2549 homInes
1302 2511 1538 2565 patiuntur,
1576 2523 1628 2551 ea
1662 2511 1746 2551 «fils
1784 2513 1999 2564 imputant.
2055 2514 2148 2554 Nec
2179 2518 2317 2555 tamen
2345 2514 2437 2552 iure

161 2580 391 2629 meritoque
417 2578 496 2619 hoc
526 2578 698 2618 faciunt.
752 2576 971 2618 Nonnulla
1007 2576 1118 2617 enim
1160 2575 1269 2615 mala
1302 2577 1424 2617 etiam
1452 2578 1533 2630 ipsi
1568 2578 1649 2619 sibi
1678 2589 1757 2618 sua
1791 2578 1967 2620 stultitia
2002 2584 2045 2621 et
2081 2580 2224 2634 culpa,
2267 2582 2436 2633 praeter

161 2655 233 2696 ea,
264 2643 413 2696 quibus
448 2655 504 2685 ex
530 2643 606 2684 fati
640 2647 684 2684 et
715 2642 888 2684 deorum
916 2642 1134 2684 voluntate
1159 2641 1420 2698 afficiuntur,
1449 2644 1714 2685 contrahunt.

269 2710 322 2752 V.
350 2711 418 2753 34.
463 2705 512 2752 τὸ
540 2710 606 2759 δὲ,
645 2706 776 2767 ὑπὲρ
814 2703 993 2765 μόρον,
1031 2701 1079 2749 οὗ
1122 2702 1330 2750 σύνθετον.
1385 2710 1459 2752 SIc
1490 2709 1779 2765 Scholiastes,
1821 2722 1941 2764 quem
1980 2713 2022 2752 in
2061 2724 2111 2752 eo
2137 2716 2306 2753 secutus
2343 2717 2433 2765 est,

162 2779 269 2835 quod
296 2779 454 2821 nollem
479 2778 652 2833 factum,
691 2780 955 2822 Nitzschius.
1009 2778 1165 2820 Melius
1204 2778 1397 2820 Eustath.
1452 2774 1501 2820 τὸ
1535 2778 1582 2819 δὲ
1607 2775 1710 2832 ὑπὲρ
1736 2771 1885 2834 μόρον,
1925 2779 2132 2827 συνθέτως
2159 2780 2202 2822 ἐν
2233 2778 2292 2824 ἑνὶ
2319 2778 2436 2834 μέρει

160 2840 284 2899 λόγου
311 2844 351 2886 οἱ
378 2839 665 2900 ἀκριβέστεροι
689 2858 793 2897 φασι
818 2846 901 2887 τῶν
926 2845 1124 2886 παλαιῶν.
1175 2847 1340 2886 Favent
1368 2848 1464 2888 huic
1490 2847 1726 2887 sententiae
1752 2847 1993 2900 Hesychius
2020 2852 2063 2889 et
2089 2848 2270 2901 Etymol.
2289 2859 2432 2901 magn.

163 2929 197 2955 s.
227 2927 267 2954 v.
305 2912 396 2954 ἀντὶ
429 2907 507 2967 γὰρ
545 2911 621 2954 τοῦ
658 2905 897 2966 ὐπερμόρως
933 2908 1149 2965 εἴληπται,
1193 2909 1236 2952 ἐκ
1278 2911 1352 2968 γὰρ
1388 2914 1463 2954 τοῦ
1501 2906 1630 2967 μόρος
1669 2911 1823 2964 γίνεται
1859 2909 2105 2968 ὕπέρμορος,
2142 2912 2189 2963 ἐξ
2226 2907 2351 2954 αὐτοῦ
2385 2908 2432 2952 τὸ
