2667 3345
1292 106 1379 161 27

316 244 369 287 V.
397 242 489 285 110.
533 236 654 282 More
687 237 782 277 erat
808 232 1272 292 heroicis-temporibus
1303 241 1538 294 receptum,
1577 242 1624 280 ut
1657 240 1803 284 vinum
1827 237 1938 295 aqua
1971 233 2202 282 miscerent
2239 242 2283 281 et
2307 242 2478 295 tempo--¹

209 313 368 354 rarent-
422 307 558 358 Quam
578 304 799 345 mixturam
824 315 917 345 cum
948 305 993 344 in
1021 307 1217 359 cratera,
1240 308 1513 358 pauperiores
1539 320 1644 349 vero
1670 310 1716 349 in
1742 309 1939 363 κισσυβίῳ
1963 309 2074 358 (od.
2101 308 2221 364 XIV,
2247 311 2325 363 78,
2352 307 2480 368 ΧΠ,

209 381 290 423 72)
313 375 666 427 composuissent,
694 372 800 413 inde.
822 371 988 424 ‘poculis
1012 369 1279 421 (κυπέλλοις,
1305 371 1493 422 dmm,
1532 374 1643 428 apud
1666 380 1870 430 'agrestes
1895 371 2037 431 σκύφῳ
2065 376 2209 430 [XIV,
2240 378 2393 430 1121),
2419 375 2475 418 ad

201 445 315 497 ‘quos
341 441 385 483 id
411 454 561 483 munus
587 439 849 495 pertinebat,
881 438 1010 479 trulla
1042 438 1242 495 quadam,
1271 450 1391 494 quam
1427 441 1642 484 Hesiodus
1676 442 1787 497 (Op.
1815 446 1926 492 689)
1952 438 2136 499 οἰνοχόην
2162 442 2370 499 appellat,
2405 443 2476 484 in·

206 509 462 564 fundebant,
509 520 589 564 quo
625 517 813 548 munere.
832 506 944 560 apud
975 506 1203 549 Homerum
1236 508 1369 562 vulgo
1405 502 1592 563 κήρυκες,
1627 510 1739 568 unde
1768 512 1892 551 etiam
1929 506 2126 562 οἰνοχόοι,
2166 510 2472 567 fungebantur.

207 580 414 633 Exceptis
451 579 526 632 iis,
553 577 625 628 qui
660 579 731 615 aut
758 587 957 619 summam
983 576 1201 629 tenebant,
1230 580 1304 617 aut
1332 577 1477 618 horum
1504 579 1648 631 gratia
1675 579 1900 632 florebant,
1939 581 2092 620 ceteris
2122 581 2320 621 convivis
2347 579 2476 631 nihil,

207 647 294 689 nisi
319 650 436 688 certa
462 644 739 700 vinifportio,
765 635 995 695 (δαιτρόν)
1022 644 1325 697 praebebatur,
1353 645 1395 685 id
1428 646 1537 698 quod
1570 646 1779 688 docebunt
1804 646 1855 688 Il.
1883 647 1957 700 IV,
1984 648 2063 687 261
2093 659 2197 700 sqq„
2222 649 2327 699 3433
2356 644 2477 699 vm,

212 716 309 770 162,
337 713 440 767 XII,
466 713 561 753 310.
617 709 824 761 Quantam
848 721 996 763 aquam
1023 711 1125 752 vino
1150 711 1470 767 admiscuerint,
1499 713 1542 753 in
1570 714 1730 755 incerto
1758 718 1837 756 est.
1892 714 2047 768 Liquet
2073 714 2183 755 enim
2201 725 2255 754 ex
2273 715 2360 768 IX,¹
2377 715 2477 767 209,

208 781 281 823 ubi
306 781 508 834 Ulysses,
535 777 588 819 de
606 777 707 818 vino
726 776 902 830 quodam
929 778 1082 830 optino
1110 778 1300 831 loquenS,
1326 780 1400 820 uni
1427 780 1520 820 eius
1546 781 1694 833 poculo
1722 782 1812 823 XX
1839 781 1990 835 pocula
2007 792 2143 835 aquae
2165 780 2357 823 addenda
2373 792 2474 823 esse

208 851 409 903 affirmat,
453 847 559 888 nihil
595 858 673 900 pro
710 848 825 887 certo
866 845 1014 899 colligi
1049 857 1189 899 posse.
1244 847 1338 887 Hoc
1368 851 1507 888 autem
1532 852 1723 903 constat,
1758 850 1964 890 meracius
2004 841 2293 903 (ζωρότερον)
2331 850 2476 890 vinum

208 925 502 968 nonnunquam
521 913 654 960 fuisse
680 912 937 966 appositum,
966 912 1089 958 verbi
1116 913 1282 966 gratia,
1310 924 1401 954 cum
1428 916 1604 956 amicum
1630 915 1895 968 hospitaliter
1920 916 2031 969 apud
2056 926 2106 956 se
2129 916 2389 968 exciperent.
2422 915 2475 955 V.

209 983 260 1023 Il.
287 983 367 1036 IX,
403 983 522 1022 203.7
551 981 622 1021 Ex
656 984 739 1034 quo
778 979 1052 1032 probabiliter
1080 980 1227 1022 confici
1262 983 1420 1035 potest,
1448 987 1539 1036 pro'
1561 983 1653 1023 vini
1685 983 1871 1024 bonitate
1917 987 1959 1024 et
1996 983 2223 1024 bibentium
2258 982 2480 1023 voluntate

202 1050 434 1092 mixturam
465 1049 672 1090 variasse.
727 1048 837 1089 Vino
858 1041 990 1091 'mero‘
1021 1040 1270 1102 (coenon-qt),
1301 1050 1386 1090 nisi
1422 1050 1467 1091 in
1504 1051 1771 1092 libationibus
1809 1051 1886 1098 (Il.
1913 1051 1980 1106 II,
2017 1053 2120 1106 3413
2161 1051 2241 1105 III,
2268 1050 2479 1105 2963·1V,

214 1121 316 1173 1593
345 1118 464 1172 XVI,
490 1119 603 1165 230)
631 1120 674 1157 et
705 1117 992 1170 parentalibus
1019 1117 1221 1171 (XXIV,
1248 1118 1325 1171 ⁷33
1352 1117 1403 1159 Π.
1431 1119 1600 1173 XXIII,
1627 1121 1758 1173 219),
1791 1121 1955 1160 omnino
1982 1120 2261 1161 abstinebant.
2466 1171 2473 1176 ἢ

318 1187 370 1227 V.
401 1189 489 1226 115.
536 1185 650 1226 Vidit
676 1185 946 1237 Nitzschius,
975 1186 1111 1240 wiam,
1148 1189 1194 1226 ut
1229 1185 1399 1226 videtur
1413 1216 1426 1240 ,
1469 1190 1733 1228 monstrante
1764 1185 1987 1241 Ernestio,
2027 1189 2071 1228 in
2105 1188 2228 1228 huius
2256 1186 2337 1229 loci
2373 1197 2479 1228 con-

213 1255 441 1296 structione
466 1257 608 1295 notum
634 1252 739 1294 illud
778 1246 1053 1299 ἀντιπτόσεως
1089 1264 1253 1307 genus,
1294 1253 1364 1294 ubi
1396 1255 1665 1296 accusativus
1699 1254 1833 1309 priori
1871 1254 2002 1296 verbo
2036 1255 2244 1309 iungitur,
2283 1265 2359 1308 pro
2397 1264 2478 1308 quo

214 1323 408 1364 usitatius
434 1323 479 1362 in
504 1321 700 1374 sequenti
727 1321 1019 1362 enunciatione
1045 1320 1234 1361 eiusdem
1264 1320 1457 1360 vocabuli
1483 1322 1765 1361 nominativus
1798 1321 2062 1374 exprimitur.
2130 1319 2263 1371 Quam
2294 1323 2480 1360 structu-

214 1401 304 1430 ram
329 1392 374 1430 et
407 1388 517 1442 apud
551 1388 739 1429 Graecos
768 1391 811 1428 et
854 1387 965 1441 apud
1005 1389 1182 1428 Latinos
1209 1388 1544 1442 usitatissimam,
1573 1391 1743 1441 praeter
1779 1399 1896 1440 eos,
1918 1398 2022 1441 quos
2052 1386 2304 1428 Nitzschius
2331 1386 2480 1427 lauda-

214 1457 299 1510 vit,
326 1459 542 1509 exponunt
572 1455 827 1508 Bernhardy
854 1454 979 1508 Synt.
1008 1468 1083 1509 pg.
1111 1458 1215 1509 466,
1243 1455 1438 1496 Vechner
1464 1455 1633 1496 Hellen.
1662 1467 1736 1508 pg.
1764 1456 1847 1494 262
1872 1454 2012 1507 ibique
2038 1454 2287 1506 Heusinger
2301 1482 2314 1506 ,
2356 1453 2480 1493 Peri-

216 1526 365 1565 zonius
401 1524 455 1564 ad
490 1523 634 1564 Sanct.
674 1524 777 1564 Min.
818 1524 875 1576 II,
917 1525 959 1577 5,
996 1525 1037 1577 5,
1078 1524 1148 1576 qui
1182 1526 1321 1563 autem
1355 1522 1465 1563 haud
1493 1521 1711 1575 probabile
1745 1522 2033 1562 accusativum
2068 1532 2147 1574 pro
2183 1531 2299 1561 more
2327 1531 2404 1561 suo
2430 1518 2484 1560 ad

216 1593 384 1645 ellipsin
420 1592 718 1644 particularum
754 1591 891 1643 quod
934 1590 1000 1630 ad
1034 1591 1178 1631 refert.
1233 1591 1437 1644 Equidem
1472 1601 1578 1630 vero
1619 1589 1727 1630 hanc
1762 1589 2015 1630 sententiam
2054 1588 2142 1629 illis
2182 1588 2482 1640 locutionibus,

218 1672 390 1715 quarum
420 1659 541 1701 modo
567 1660 818 1701 mentionem
854 1659 1056 1714 fecimus,
1092 1671 1177 1700 non
1209 1657 1586 1700 annumeraverim.
1641 1656 1901 1698 Necessarie
1937 1657 2069 1710 enim,
2112 1656 2150 1697 si
2185 1656 2283 1709 quid
2319 1656 2482 1711 iudico,

218 1729 486 1771 accusativus
505 1728 638 1768 verbo
664 1719 900 1778 ὀσσόμενος,
927 1739 1003 1780 pro
1034 1738 1086 1768 ea
1114 1727 1445 1781 significatione,
1476 1736 1598 1779 quam
1624 1723 1729 1765 illud
1754 1724 1822 1766 hic
1850 1724 1994 1779 habet,
2020 1724 2191 1765 additus
2218 1728 2297 1765 est.
2352 1725 2482 1777 Nam,

218 1798 257 1838 si
284 1790 361 1851 pro
389 1809 457 1851 eo,
488 1796 597 1851 quod
634 1809 745 1837 nunc
772 1796 911 1850 legis,
938 1796 1147 1836 Homerus
1172 1796 1417 1849 scripsisset
1456 1786 1676 1844 ὅσσομενος
1702 1790 1761 1833 ἐνὶ
1789 1791 1950 1847 φρεσίν,
1975 1788 2145 1833 ε’ἰποθεν
2172 1787 2306 1845 πατὴρ
2333 1786 2485 1839 ,ἐσθλὸς

219 1860 357 1906 ἐλθών
389 1879 424 1903 κ.
452 1879 488 1904 τ.
519 1863 566 1912 L,
592 1863 684 1904 fieri
711 1864 877 1904 omnino
905 1864 1072 1918 posset,
1101 1859 1147 1903 ut
1164 1863 1330 1916 [aliquis
1355 1863 1490 1904 locum
1516 1862 1625 1903 male
1655 1862 1877 1915 acciperet.
1931 1861 2059 1902 Nunc
2089 1872 2193 1901 vero
2227 1871 2382 1902 sensus
2419 1864 2487 1901 est

220 1934 395 1984 apertus
414 1934 457 1970 et
474 1930 693 1971 indubius:
723 1929 795 1971 Ob
823 1930 1009 1971 oculos
1035 1931 1346 1983 animosque
1372 1930 1570 1971 habens
1598 1934 1819 1985 patrem,
1847 1929 2232 1979 numalicunde
2251 1930 2487 1971 veniens

221 2009 404 2052 procos
430 1997 664 2051 fugaret.
719 1991 822 2036 κατὰ
849 1997 942 2037 νοῦν
969 1991 1092 2037 αὐτὸν
1123 1997 1285 2049 βλέπων
1322 1998 1387 2037 καὶ
1412 1990 1863 2048 ἇνειδωλοποιούμενος.
1890 2009 1896 2014 ·
1917 1996 1989 2037 Ad
2017 1997 2127 2038 hanc
2144 1995 2387 2050 explicandi
2413 2007 2487 2036 ra-

221 2066 375 2106 tionem
400 2066 684 2119 maximopere
710 2065 894 2106 invitant
920 2068 963 2106 et
981 2065 1104 2107 verbi
1131 2059 1330 2107 ὄσσεσθαι
1352 2068 1561 2120 potestaS,
1591 2077 1713 2120 quam
1739 2066 2019 2107 Buttmannus
2037 2065 2145 2106 Lex.
2172 2064 2209 2119 I,
2235 2066 2304 2118 22,
2331 2065 2360 2106 3
2385 2063 2491 2104 ube-

223 2132 313 2172 rius
340 2133 557 2187 exposuit,
586 2134 630 2172 et
656 2131 728 2171 ille
755 2132 847 2184 ipse
875 2131 993 2172 locus
1022 2131 1154 2186 (XX,
1180 2134 1313 2186 224),
1348 2144 1467 2186 quem
1496 2133 1748 2173 Nitzschius
1784 2132 1981 2187 protulit,
2011 2135 2274 2185 comparatus
2306 2143 2399 2172 cum
2423 2132 2487 2185 II,

223 2200 301 2253 353
329 2199 446 2252 XIV,
475 2201 568 2240 219.
625 2199 821 2241 Ceterum
856 2200 961 2240 mire
988 2203 1105 2241 errat
1132 2200 1404 2243 Thierschius
1438 2198 1511 2256 (S.
1538 2203 1633 2255 328,
1659 2203 1718 2249 3)
1752 2204 1941 2242 nostrum
1972 2200 2106 2243 locum
2145 2203 2189 2242 et
2214 2199 2265 2241 Il.
2291 2199 2373 2254 IX,
2407 2200 2491 2242 380

224 2267 269 2307 in
301 2278 445 2308 eorum
471 2280 645 2308 numero
672 2279 856 2323 ponens,
886 2268 956 2308 ubi
984 2269 1265 2310 coniunctioni
1291 2266 1330 2309 εἰ
1356 2268 1611 2310 indicativus
1639 2270 1804 2309 iunctus
1833 2269 1901 2308 sit.

332 2334 384 2374 V.
414 2336 504 2375 116.
548 2335 784 2380 Articulum
818 2336 887 2377 hic
913 2336 1029 2390 legis
1055 2337 1269 2390 additum,¹
1301 2337 1370 2376 ubi
1405 2336 1586 2376 forsitan
1613 2347 1697 2376 non
1725 2330 1932 2389 requiris,
1959 2338 2100 2375 tamen
2131 2346 2217 2375 non
2244 2338 2312 2375 est
2338 2344 2494 2388 super-

227 2410 412 2455 vacuus,
440 2401 516 2442 sed
548 2402 787 2455 primariam
815 2403 902 2443 vim
939 2404 1130 2445 retinens
1157 2404 1349 2445 converti
1380 2402 1506 2444 debet
1535 2407 1609 2444 aut
1644 2403 1880 2458 illorum,
1917 2402 2015 2456 ants,
2052 2402 2161 2456 quod
2191 2402 2330 2442 malim
2344 2430 2357 2457 ,
2399 2414 2495 2443 cun

228 2471 339 2508 motu
376 2472 419 2508 et
450 2469 805 2511 demonstratione
841 2481 988 2511 manus
1024 2472 1331 2527 intelligendus
1364 2473 1451 2523 est,
1474 2460 1554 2509 ‘ita
1585 2473 1631 2510 ut
1658 2471 1714 2510 sit
1737 2471 1854 2525 -hic,
1895 2470 2030 2522 illic,
2065 2474 2111 2509 ut
2142 2470 2192 2509 11.
2219 2470 2255 2524 1,
2281 2471 2367 2511 :uo
2390 2464 2496 2523 πρὸς

229 2535 311 2575 τοῦ
330 2536 546 2589 βασιλῆος,
573 2538 631 2578 bei
658 2540 739 2579 bem
765 2537 917 2590 assnige
944 2540 966 2578 b
982 2544 1084 2591 ους
1112 2532 1163 2579 Il.
1191 2540 1227 2591 I,
1254 2541 1310 2580 20
1334 2529 1384 2578 τά
1410 2537 1446 2576 τ’
1474 2529 1624 2577 ἄποινα
1642 2534 1854 2586 δέχεσθαι,
1881 2539 1958 2578 nub
1978 2539 2053 2578 bae
2072 2537 2244 2589 ssbsegeib
2273 2537 2384 2588 bier
2408 2537 2500 2588 acb·

232 2607 332 2656 ’ωας
359 2604 477 2644 ποῖον
509 2598 581 2644 τὸν
613 2603 751 2655 μῦθον
778 2600 930 2653 ἔειπες,
965 2604 1124 2655 melche&
1152 2603 1274 2648 ‘mort
1300 2605 1377 2657 basi
1403 2607 1453 2646 bu
1482 2607 1542 2646 ba
1576 2603 1747 2658 gerebet!
1789 2604 2242 2659 Apprimesolemnis,
2280 2607 2328 2646 ut
2361 2605 2499 2647 omni-

232 2669 312 2711 bus
338 2673 526 2725 constat,
555 2670 661 2713 haec
687 2664 940 2726 significatio
967 2674 1034 2712 est
1064 2672 1109 2712 in
1141 2673 1385 2725 pronomine
1411 2667 1516 2722 ὅδε,
1548 2677 1594 2714 ut
1629 2675 1696 2728 76,
1727 2675 1822 2728 185,
1853 2674 1928 2726 IV,
1955 2675 2033 2728 263
2061 2674 2138 2728 VI,
2164 2676 2270 2729 2063
2305 2675 2364 2729 X,
2391 2676 2494 2729 282,

233 2738 396 2793 XXIV,
423 2740 517 2792 321,
544 2740 650 2794 331,
677 2740 728 2780 Il.
754 2741 834 2795 111,
865 2742 955 2793 192,
980 2741 1082 2794 300,
1109 2740 1162 2794 V,
1193 2742 1287 2795 175,
1305 2743 1398 2794 215,
1421 2742 1527 2795 261,
1554 2741 1708 2803 Hymn.
1736 2742 1782 2781 in
1807 2742 1939 2782 Merc.
1967 2743 2062 2796 332,
2079 2743 2176 2797 336,
2194 2745 2301 2797 348,
2328 2744 2371 2782 in
2388 2743 2494 2782 Ven.

234 2809 303 2860 98,
322 2809 417 2860 259,
436 2809 537 2861 286ς
558 2807 614 2848 Η.
640 2807 737 2861 VII,
760 2811 823 2849 17.
880 2808 1021 2860 Quare
1047 2808 1171 2849 etiam
1195 2801 1326 2863 ἡμέρη
1353 2803 1424 2861 ἥδε
1449 2808 1530 2856 (ΙΙ.
1550 2808 1672 2863 ΧΙΠ,
1691 2811 1795 2864 828,
1825 2807 1904 2851 Od.
1927 2809 2093 2866 XXIV,
2120 2812 2233 2858 514)
2258 2813 2324 2850 est
2349 2808 2496 2850 hodi-

237 2885 404 2914 ernus
430 2872 548 2914 dies
575 2876 617 2914 et
642 2867 771 2927 ἤματι
797 2874 901 2927 τῷδε
920 2874 1004 2922 (11.
1031 2875 1111 2928 XI,
1138 2877 1239 2928 4443
1267 2876 1390 2931 ΧΙΧ,
1416 2878 1518 2932 110,
1545 2876 1669 2931 XXI,
1696 2878 1804 2925 584)
1831 2877 1859 2917 ἰ.
1888 2889 1928 2931 q.
1955 2870 2142 2931 σήμερον.
2186 2875 2497 2929 Aliaexempla

238 2940 366 2996 plena
389 2952 512 2982 manu
542 2941 747 2982 dederuut
773 2943 955 2985 Passow
983 2956 1018 2985 s.
1045 2955 1089 2984 v.
1117 2945 1160 2983 et
1188 2943 1396 2986 Thiersch
1422 2942 1498 2985 Gr.
1527 2940 1571 2999 S.
1598 2946 1702 2998 284,
1733 2946 1781 2984 11
1794 2972 1807 2999 ,
1837 2945 1987 2998 quibus
2007 2945 2114 2984 adde
2142 2941 2334 2983 Schaefer
2354 2941 2500 2985 Melet.

240 3010 332 3051 crit.
353 3023 393 3063 p.
412 3011 485 3062 78,
513 3021 540 3050 a
558 3021 637 3063 quo
656 3021 711 3050 ex
729 3011 826 3052 aliis
845 3011 1119 3065 scriptoribus
1138 3011 1267 3053 multa
1295 3017 1393 3055 sunt
1421 3013 1616 3055 excitata.
1672 3013 1905 3066 Interdum,
1934 3012 2009 3053 sed
2032 3011 2159 3108 multo
2187 3011 2330 3053 rarius
2355 3011 2504 3054 eadem

2055 3082 2081 3120 4
