2667 3345
438 255 465 264 „
524 210 559 243 .·.
595 203 710 252 ὅ-ς-ω,
705 209 759 248 ..⁹0
782 197 1047 259 ,ὀμφαλός
1082 203 1206 246 ἐστι
1241 197 1530 258 &diacone
1557 208 1831 259 praecedenti
1856 202 1974 261 νήσῳ
2000 206 2297 262 explicationis
2328 210 2461 248 mua

191 319 206 330 „
439 283 441 285 '
490 278 570 319 hoc
601 286 758 316 σθαι.
792 273 978 322 insula
1009 273 1060 313 in
1086 272 1446 324 circumflua,
1474 272 1564 313 ubi
1591 272 1814 315 scilicet
1838 275 2126 316 enine-tia
2157 277 2245 316 est
2270 273 2459 326 maris,

284 329 289 349 ⁵
317 336 372 377 '⁹³
367 311 455 396 ¹'se
488 342 594 384 mari
628 345 748 384 terra
776 342 944 383 eminet.
997 341 1138 381 Favet
1162 351 1280 380 meae
1308 340 1543 381 sententiae
1569 353 1626 380 τε
1662 339 1845 381 relativo
1869 333 1966 379 ὅθι
1992 339 2206 395 additum
2233 351 2341 393 quae
2358 350 2461 394 pu·-

157 448 162 454 .
222 399 246 423 ¹*
265 385 352 466 Υ·”’ἷῗ.,
371 410 534 464 quoties
551 407 749 452 relativis
780 408 995 462 iungitur,
1032 407 1097 448 rei
1123 406 1206 447 iam
1234 406 1431 449 definitae
1462 407 1577 451 aliud
1605 408 1704 461 quid
1732 407 1870 462 addit,
1903 406 2035 459 quod
2060 407 2281 459 quiden
2305 408 2463 449 etiam

193 477 355 529 &alvo
380 487 544 518 sensu
569 475 758 517 abesse
785 475 991 528 possit,
1020 486 1144 526 quum
1170 476 1430 517 econtrario
1450 476 1673 516 relativum
1692 475 1938 526 simplieiter
1956 474 2136 527 positum
2149 484 2242 515 cem
2261 475 2462 524 incertu-

194 542 378 587 definiat.
430 542 500 583 lta
516 542 691 596 saepius
708 541 918 593 laudatus,
936 550 1148 591 nunquam
1165 541 1292 581 nimis
1318 543 1554 584 laudandus
1572 543 1842 582 Hermannus
1865 542 1921 581 ad
1938 543 2093 594 Hymn.
2122 540 2167 579 in
2184 542 2270 593 Ap.
2298 542 2462 594 vsaetl.

194 609 356 661 Quodsi
379 608 520 650 adhuc
548 620 655 662 opus
683 610 787 660 erit,
820 608 1101 650 adiumentum
1123 608 1179 647 ad
1207 610 1459 651 sententiam
1484 602 1619 649 neam
1645 608 1967 650 confirmandam
1991 619 2048 648 ex
2075 606 2233 647 Wolfli
2244 607 2463 660 interpre-

193 677 353 725 tatione
377 680 424 719 et
452 688 509 718 ex
545 676 657 718 alius
689 675 854 716 insulae
887 674 1173 727 descriptione
1207 675 1390 729 capiam,
1425 687 1547 728 quam
1582 674 1663 717 od.
1695 676 1754 729 X,
1786 678 1862 717 195
1889 687 1953 728 sq.
1994 674 2202 728 invenies,
2231 674 2350 716 cuius
2380 674 2462 759 loci

193 743 459 800 praeclaram
484 741 823 797 explanationem
850 741 1071 794 proposuit
1095 740 1307 781 Voelcker
1334 742 1377 781 in
1405 740 1433 781 l.
1461 740 1490 781 1.
1520 754 1594 795 pg.
1622 744 1691 782 54.

299 810 353 850 V.
380 811 449 849 51.
494 800 866 861 δενδρήεσσαν
894 810 1020 847 vocat
1050 808 1231 848 insulam
1258 812 1430 860 propter
1461 820 1658 862 mag-nam
1693 810 1888 849 arborum
1925 807 2084 860 copiam
2115 807 2173 847 ibi
2205 804 2463 859 provenien-

193 879 308 925 tium.
362 876 463 917 Non
499 876 633 916 solum
662 874 851 927 Calypso
888 873 1027 915 media
1064 874 1108 914 in
1143 874 1257 915 silva
1295 874 1454 915 habitat
1489 875 1572 927 (V,
1599 877 1700 928 63),
1737 872 1815 914 sed
1852 873 1988 914 altera
2023 873 2148 913 etiam
2185 873 2322 927 silva,
2350 871 2463 916 unde

193 944 377 998 Ulysses
404 943 622 984 materiam
654 937 737 982 sibi
764 940 820 982 ad
851 944 985 982 ratem
1011 940 1313 982 aedificandam
1340 942 1484 994 sumit,
1520 942 1565 982 in
1601 944 1789 981 extrem
1815 939 1955 980 insula
1982 942 2049 979 est
2078 940 2315 988 (ibraes).

300 1010 353 1051 V.
381 1010 448 1049 52.
494 1008 766 1063 Quantopere
793 1008 879 1050 viri
910 1008 1043 1062 docti,
1088 1008 1157 1049 ubi
1194 1009 1404 1060 propriam
1438 1008 1557 1048 vocis
1593 999 1855 1060 ὀλοόφρων
1891 1009 2139 1058 potestatem
2175 1017 2390 1060 exponere
2422 1011 2466 1048 et

191 1077 375 1119 reddere
394 1080 621 1129 conantur,
650 1077 694 1115 in
715 1076 951 1116 contrarias
970 1076 1200 1115 sententias
1219 1073 1528 1125 distrahantur,
1558 1072 1784 1114 ostendunt
1800 1076 1971 1125 praeter
1987 1073 2215 1125 Eustathii,
2243 1072 2465 1114 Scholias-

192 1149 285 1197 tae,
311 1142 543 1195 Nitzschii,
577 1142 791 1182 Passowii
817 1142 1131 1192 annotationes,
1170 1140 1316 1184 variae
1354 1144 1397 1180 et
1433 1141 1753 1181 diversissimae
1781 1140 1968 1182 eiusdem
2005 1142 2124 1182 vocis
2150 1141 2464 1182 translationes.

196 1209 422 1254 Convertit
454 1209 566 1250 enim
593 1219 684 1249 eam
711 1208 823 1266 Voss
851 1208 894 1247 in
930 1206 1064 1259 prima
1090 1205 1272 1247 editione
1301 1209 1790 1259 &Illerfotfd'enber'
1834 1212 1981 1261 postea
2013 1208 2241 1259 sdyabtid,
2269 1209 2465 1256 &esium

202 1284 302 1330 ter,
362 1277 492 1318 Wolf
542 1276 903 1327 ziliunbiger„
952 1274 1278 1327 Kannegiesser
1327 1276 1666 1327 ᾖταίὀῐίώεϊ,
1713 1276 1933 1318 Schwenk
1980 1276 2463 1329 stiugbet'teoollet,

197 1342 333 1388 Clark
360 1345 543 1396 denique
568 1343 878 1383 multiscius.

204 1460 206 1462 ,
302 1411 354 1452 V.
381 1413 449 1452 53.
495 1410 595 1450 Νοιι
624 1410 758 1450 ausim
784 1421 876 1450 cum
901 1407 1125 1450 Nitzschio
1154 1408 1209 1449 δέ
1234 1421 1292 1449 τε
1318 1400 1482 1454 αὐτὸς
1508 1408 1688 1450 reddere
1716 1410 1808 1450 unb
1843 1419 1887 1450 er
1928 1409 2070 1459 aad),
2110 1419 2157 1450 et·
2198 1407 2336 1456 chen,
2373 1419 2463 1448 me-

194 1480 302 1533 lius,
329 1489 423 1520 mea
458 1475 625 1531 quidem
657 1477 891 1518 sententia:
919 1478 1073 1527 melcha·
1117 1506 1127 1519 .
1160 1506 1171 1518 .
1203 1505 1215 1518 .
1264 1477 1370 1518 {eunt
1406 1478 1500 1518 uttb
1529 1476 1640 1526 aad)
1675 1475 1836 1517 allein
1863 1475 1924 1516 bie
1959 1474 2118 1516 &uum
2147 1474 2262 1525 blut.-
2305 1473 2463 1516 Confer

192 1546 461 1588 Passowium
488 1557 523 1584 s.
545 1557 588 1585 v.
616 1542 682 1590 δέ,
710 1556 733 1583 c
759 1548 802 1584 et
833 1557 868 1583 s.
889 1556 932 1583 v.
961 1537 1105 1590 αὐτός,
1130 1547 1182 1597 53
1209 1545 1495 1585 Hermannum
1514 1543 1668 1597 Opusc.
1697 1545 1732 1598 1,
1759 1547 1863 1598 314,
1892 1556 2017 1596 porro
2048 1544 2251 1583 Wolfium
2269 1542 2322 1584 ad
2352 1542 2392 1583 h.
2419 1544 2462 1596 1.,

195 1610 378 1664 denique
413 1609 671 1662 Bernhardy
705 1608 829 1662 Synt.
858 1622 933 1662 pg.
962 1611 1068 1663 483,
1098 1610 1166 1662 qui
1199 1613 1422 1663 praeterea
1452 1610 1662 1665 ostendit,
1692 1610 1920 1663 particulas
1948 1608 2003 1649 δέ
2030 1622 2085 1649 τε
2110 1621 2337 1662 nusquam,
2377 1610 2463 1651 nisi

194 1677 307 1732 apud
334 1677 587 1730 Homerum,
614 1677 859 1717 coniunctas
885 1677 1089 1729 reperiri,
1124 1688 1200 1730 pro
1228 1678 1281 1717 iis
1310 1688 1414 1717 vero
1440 1677 1586 1717 eodem
1611 1677 1853 1731 significatu
1890 1678 2056 1717 Atticos
2083 1675 2155 1715 καί
2181 1690 2226 1716 τε
2252 1676 2461 1729 posuisse.

302 1744 355 1785 V.
383 1747 451 1786 58.
495 1743 747 1796 Manifeste,
776 1755 882 1796 quae
915 1747 1169 1796 sequuntur,
1198 1755 1395 1797 maguum
1422 1743 1676 1784 desiderium
1704 1745 1867 1796 patriae
1893 1745 2152 1796 exprimunt,
2186 1755 2266 1794 quo
2292 1742 2464 1783 deside-

196 1813 260 1852 rio
292 1812 441 1853 mirum
467 1811 512 1851 in
544 1810 706 1852 modum
735 1810 941 1863 UlysseS,
971 1811 1123 1863 quippe
1148 1812 1275 1864 patrii
1308 1814 1387 1854 soli
1411 1814 1722 1854 amantissimus
1761 1812 1871 1860 (ον.
1899 1825 1954 1854 ex
1988 1814 2109 1854 Pont.
2148 1814 2221 1867 IV,
2262 1816 2324 1867 14,
2351 1815 2461 1867 35),

197 1881 385 1933 aestuat,
414 1881 460 1920 ut
492 1876 719 1919 ostendunt
744 1877 796 1932 V,
820 1879 893 1919 151
915 1889 1046 1933 seqq„
1075 1880 1180 1933 ²¹93
1210 1879 1306 1934 VII,
1335 1882 1438 1936 2243
1468 1881 1548 1936 lx,
1577 1882 1644 1923 728.
1697 1881 1763 1922 lle
1782 1881 1991 1923 sententia
2010 1881 2133 1922 etiam
2153 1881 2195 1921 in
2215 1880 2461 1923 universnm

197 1949 310 1988 inter
343 1958 488 1988 omnes
515 1948 727 1987 convenit.
782 1947 943 1986 Haeret
969 1951 1108 1987 tamen
1136 1948 1180 1987 in
1212 1948 1292 1988 hoc
1326 1949 1412 1988 loco
1439 1949 1597 2001 aliquid
1623 1949 1929 2001 ambiguitatis,
1959 1961 2065 2000 quae
2093 1961 2220 1989 causa
2255 1949 2353 2000 fuit,
2389 1960 2463 1988 cur

196 2015 316 2059 illum
330 2014 416 2055 ,alii
442 2014 566 2054 aliter
585 2015 987 2067 interpretarentur,
1035 2027 1207 2066 quorum
1226 2019 1363 2057 autem
1382 2016 1571 2069 plerique
1592 2027 1761 2056 sensum
1780 2020 2090 2071 exposuerunt,
2118 2017 2188 2068 qui
2215 2015 2463 2056 Homericae

199 2080 368 2124 dicendi
395 2082 651 2134 simplicitati
678 2085 902 2134 repugnet.
956 2082 1060 2122 Mihi
1098 2083 1262 2134 quidem
1271 2098 1292 2136 ,⁴
1319 2087 1513 2135 quantum
1540 2084 1772 2142 perspicio,
1809 2085 1942 2124 verba
1969 2084 2048 2125 hac
2079 2085 2241 2124 ratione
2267 2084 2464 2124 videntur

198 2149 467 2203 accipienda}
512 2149 741 2201 Ulysses
774 2153 939 2190 autem
966 2151 1197 2203 cupiens
1232 2151 1305 2198 (h.
1333 2162 1371 2191 e.
1399 2153 1494 2203 quia
1525 2153 1658 2205 cupit,
1696 2149 1772 2193 sed
1808 2151 1993 2205 frustra,
2033 2152 2187 2204 quippe
2219 2162 2245 2190 a
2266 2149 2369 2204 dea,
2408 2152 2463 2190 55

199 2220 243 2259 et
261 2216 314 2270 V,
337 2218 413 2271 14,
444 2216 511 2257 cui
531 2215 720 2257 mortalis
751 2227 996 2270 repugnare
1028 2218 1193 2272 nequit,
1223 2220 1440 2265 retentus)
1478 2218 1569 2258 vel
1596 2218 1779 2258 fumum
1806 2219 2021 2270 patriae
2049 2229 2173 2257 suae
2200 2217 2462 2257 resilien-

197 2287 293 2324 tem
322 2283 503 2322 videre
533 2283 709 2333 (quodsi
734 2283 911 2334 pedibus
938 2285 1115 2335 patriam
1142 2288 1299 2324 terram
1325 2285 1489 2325 calcare
1515 2285 1597 2336 ipsi
1623 2296 1704 2323 non
1726 2285 1891 2335 lieeret,
1920 2296 1945 2323 e
1963 2285 2192 2336 longinquo
2210 2287 2393 2335 tantum,
2420 2283 2462 2323 id
2508 2321 2511 2322 γ

198 2349 308 2403 quod
335 2350 491 2397 eiiam
531 2352 658 2399 antea
694 2349 873 2402 contigit
911 2348 1009 2403 [X,
1038 2351 1092 2390 29
1119 2353 1161 2391 et
1186 2348 1302 2403 30],
1343 2350 1456 2391 illam
1488 2351 1731 2404 prospicere
1761 2348 2005 2398 desiderat)
2046 2350 2180 2391 mori
2218 2353 2462 2403 exoptat.

195 2418 329 2461 Amor
356 2416 491 2470 igitur
509 2416 693 2469 patriae,
723 2426 845 2468 quam
866 2416 1060 2456 revisere
1079 2416 1301 2470 desperat,
1331 2418 1560 2473 valentior,
1589 2420 1814 2465 secundum
1833 2419 2042 2472 Ovidium,
2072 2419 2182 2459 omni
2206 2418 2369 2458 ratione
2395 2416 2464 2459 ef·-

198 2484 306 2537 ficit,
348 2487 394 2524 ut
434 2494 614 2537 prorsus
651 2484 766 2524 illum
797 2483 913 2523 vitae
949 2484 1128 2525 taedeat.
1164 2507 1221 2516 —
1270 2483 1507 2539 observes,
1545 2491 1800 2541 quantopere
1842 2487 2009 2527 indoles
2044 2487 2208 2540 poetica
2248 2487 2291 2525 in
2330 2483 2462 2524 verbo

200 2541 620 2603 ἀποθρώσκειν,
660 2560 739 2602 quo
771 2552 855 2591 tam
886 2553 984 2603 apte
1020 2550 1258 2594 escendens
1295 2551 1432 2595 sumus
1468 2553 1733 2610 depingitur,
1759 2554 2002 2600 elucescat.
2051 2552 2213 2596 Similis
2247 2551 2364 2594 loeus
2397 2554 2464 2592 est

204 2615 283 2659 od.
312 2617 369 2669 X,
396 2619 470 2657 99:

522 2677 673 2722 καπνὸν
700 2682 739 2722 δ’
772 2677 860 2723 οἷον
887 2678 1044 2737 ὁρῶμεν
1071 2679 1153 2725 ἀπὸ
1179 2683 1331 2736 χθονὸς
1356 2679 1558 2727 ἀΐσσονται.

308 2764 360 2803 V.
389 2764 456 2802 60.
504 2762 634 2812 Quam
670 2765 894 2817 ingeniosa
924 2767 981 2805 sit
1010 2767 1224 2807 Nitzschii
1259 2771 1492 2823 annotatio,
1521 2774 1659 2809 tamen
1689 2771 1781 2810 eius
1807 2769 1861 2810 de
1888 2773 2033 2810 nostro
2060 2768 2152 2808 loco
2181 2767 2463 2808 dubitationes

198 2831 388 2872 leviores
417 2828 639 2884 videntur,
681 2842 801 2881 quam
834 2832 983 2883 quibus
1017 2834 1196 2874 omnium
1237 2835 1478 2888 optimorum
1525 2837 1710 2879 codicum
1754 2838 1876 2880 cedat
1920 2836 2170 2889 auctoritas,
2215 2833 2464 2889 praesertim

201 2910 325 2952 quum
352 2896 552 2952 vulgaris
585 2895 709 2937 lectio
732 2898 940 2939 commode
960 2898 1130 2940 defendi
1158 2902 1306 2954 possit.
1351 2904 1540 2959 Namque
1565 2903 1797 2960 ἐντρέπεται
1825 2905 1998 2960 propria
2021 2914 2098 2945 sua
2130 2903 2196 2956 vi,
2223 2904 2269 2942 ut
2294 2897 2462 2956 ἐνστρέ-

200 2968 358 3018 φεσθαι
389 2965 440 3004 11·
468 2965 522 3019 V,
547 2966 630 3011 ³⁰6
656 2968 701 3005 et
728 2962 926 3018 ἕντρέκειν
952 2968 1003 3005 Il·
1032 2968 1156 3020 XIX,
1183 2971 1278 3023 305,
1320 2977 1385 3013 est
1410 2986 1463 3014 se
1492 2978 1713 3017 vertere
1740 2976 1887 3015 intus
1912 2975 2154 3021 (brittam),
2196 2983 2323 3023 porro
2359 2981 2461 3023 par-
