2667 3345
211 199 312 257 ΧΠ,
335 200 584 246 Qvan-
597 200 657 245 εΗ
684 197 907 254 genitivu·
935 192 1034 247 ἁλός
1065 209 1151 243 non
1181 202 1427 244 necessarie
1452 202 1611 257 pendet
1640 213 1682 244 a
1695 209 1889 259 maenti
1921 210 2278 266 praepositione,
2298 210 2481 267 ⁸0⁸qu

203 277 267 310 ιο
292 267 618 324 solu,1oc=m
648 266 924 319 signinoens,
970 269 1133 318 positus
1162 279 1262 308 esse
1289 270 1527 311 censendus
1556 274 1644 324 est,
1686 271 1741 311 de
1768 284 1850 323 quo
1880 286 1959 315 usu
1987 279 2072 317 i...
2100 279 2208 319 satis
2230 282 2480 318 munuera-2

197 327 478 377 nummus
496 334 650 386 (lp-se.
677 333 714 386 Ι,
745 335 824 374 187
841 337 885 373 et
904 333 1180 375 Thierschius
1200 336 1284 376 Gr.
1297 334 1349 389 s.
1368 338 1463 389 254,
1490 337 1526 391 1,
1554 337 1596 378 d.
1626 337 1832 379 simliter
1863 339 2002 381 etiam:
2009 342 2169 384 ndliu
2200 346 2394 388 umenti
2408 347 2478 389 ut

204 400 376 456 111,oe
395 405 439 442 et
463 401 539 453 67,
585 398 657 439 ubi
692 410 973 452 nequaquam,
1015 400 1124 452 quod
1155 403 1348 443 nonnulli
1373 403 1584 459 fecerunt,
1625 402 1891 448 scholiastae
1921 409 2236 452 assentiendum
2270 415 2380 466 estr,
2391 413 2477 466 qui

201 466 439 522 gemtivnm
473 479 556 507 των
588 459 749 508 ὄπιθεν
772 467 907 508 refert
941 467 997 507 ad
1031 478 1215 520 sequens
1257 463 1381 523 πρός,
1426 483 1511 513 non
1539 474 1761 526 cogitans
1758 474 1888 516 illum
1914 485 2006 516 eum
2045 475 2178 516 verbo
2200 470 2476 529 ymnigaeosm

205 527 409 588 osningi
442 544 584 588 posse.

304 602 357 642 V.
375 603 452 642 98.
480 616 608 652 αμα
653 598 779 652 ὁμοῦ,
825 601 868 643 ἐν
904 617 964 653 τῳ
994 603 1106 655 αυτῷ
1141 596 1286 658 χρόνῳ.
1340 606 1442 648 sic.-
1423 608 1717 662 Hesychius,
1757 611 1826 652 cui
1866 612 2055 664 apprime
2087 577 2305 659 convenit
2325 574 2466 667 Etym.

197 679 362 724 magn.-
407 666 618 723 ἐπίῤῥημα
650 680 749 710 esse
792 667 1046 723 συλλήψεως
1085 665 1114 725 ἤ
1150 666 1394 726 ἀθροίσεως.
1447 674 1572 716 Hanc
1608 677 1819 729 propriam
1857 689 1975 718 suam
2002 679 2088 719 vim
2116 679 2218 719 haec
2243 689 2329 717 vox
2338 680 2466 732 apud

196 737 426 777 Homerum
454 741 591 790 tenet,
636 738 870 787 ubicunque
914 742 987 777 aut
1022 739 1214 778 absolute
1241 742 1422 791 positum
1454 746 1541 793 est,
1570 746 1643 781 aut
1681 755 1823 783 casum
1860 746 2026 785 tertium
2053 747 2214 798 recipit.
2268 747 2467 788 Primitas

194 804 349 856 igitur
380 797 488 853 ἅμα
539 802 719 855 πνοιῇς
760 795 972 853 ἀνέμοιο
1014 808 1081 845 est
1117 805 1287 846 simul
1338 818 1452 847 cum
1496 810 1681 849 ventis
1732 809 1774 850 h.
1801 821 1838 850 e.
1866 809 2060 850 sandalia
2111 809 2330 860 (πέδιλα),
2369 811 2466 854 dum

193 868 318 911 deun
355 872 543 923 portant,
586 872 776 908 ventos·
769 870 906 922 -ipsos
940 870 1157 910 celeritate
1185 876 1364 923 aequant.
1435 873 1515 923 Qui
1547 886 1650 915 vero
1677 876 1730 915 ab
1766 877 1925 930 aliquo,
1967 888 2145 929 quocum
2184 875 2337 933 certat,
2381 893 2464 923 non

194 941 447 990 superatur,
487 936 526 976 is
553 936 689 977 eidem
716 947 810 989 par
836 937 988 977 dicitur
1025 941 1097 978 aut
1131 940 1358 993 similis,
1410 941 1518 981 unde
1550 946 1746 999 apparet,
1761 956 1848 992 αμα
1887 948 2033 985 nostro
2064 945 2155 988 loco
2173 959 2268 988 ιιοιι
2295 948 2465 991 differre

193 1003 248 1047 ab
279 998 461 1054 ὅμοίἒυς,
488 1015 633 1053 ομοιος
652 1003 733 1050 (ΙΙ.
761 1003 820 1056 Χ,
849 1005 972 1050 437).
1031 1004 1287 1046 Conferendi
1321 1008 1419 1044 sunt
1445 1006 1697 1049 Eustathius
1729 1012 1772 1049 et
1800 1008 2064 1052 Scholiastes
2090 1013 2146 1053 ad
2174 1014 2214 1053 h.
2244 1014 2272 1054 l.
2327 1015 2466 1056 Aliter

194 1073 354 1122 autem,
394 1072 520 1121 atque
543 1080 654 1123 ego,
697 1069 933 1123 Virgilius,
961 1070 1133 1111 Homeri
1178 1074 1406 1122 perpetuus
1449 1073 1709 1129 aemulator,
1754 1075 1889 1116 locum
1917 1077 2164 1119 intellexit..
2202 1080 2327 1122 Hunc
2353 1082 2464 1122 enim

194 1138 352 1191 locum,
383 1140 456 1179 aut
481 1137 535 1191 V,
563 1138 632 1178 43·
656 1147 774 1192 seq.,
804 1138 976 1176 verbum
1007 1137 1098 1176 fere
1124 1148 1201 1188 pro
1230 1137 1362 1177 verbo
1390 1139 1521 1183 (Aen.
1549 1140 1624 1194 IV,
1652 1143 1754 1188 239)
1783 1144 1847 1183 sic
1875 1143 2081 1185 reddidit:

838 1207 880 1244 et
907 1204 1095 1261 primum·
1109 1202 1288 1256 pedibus
1314 1204 1464 1248 talaria
1490 1208 1621 1249 nectit

468 1287 474 1295 ·
519 1272 688 1323 Aurea,
714 1279 822 1322 quae
848 1269 1055 1310 sublimen
1084 1270 1187 1323 alis,
1216 1271 1312 1311 sive
1340 1283 1523 1323 aequora
1549 1287 1702 1330 supra,

515 1337 605 1378 Seu
632 1342 813 1389 terram,
841 1338 989 1390 rapido
1018 1341 1179 1390 pariter
1206 1351 1299 1379 cum
1327 1341 1489 1380 flamine
1516 1347 1698 1394 portant.

196 1406 348 1448 Verbis
382 1406 587 1459 pariter
614 1417 721 1446 cum
749 1405 978 1446 flamine
1016 1408 1237 1457 portant
1263 1406 1419 1447 nullam
1446 1409 1589 1450 inesse
1613 1411 1963 1463 comparationem
1990 1413 2173 1455 ostendit
2196 1414 2315 1455 Iovis
2337 1425 2462 1456 man-

190 1473 334 1515 datum
366 1475 523 1526 (223),
566 1472 709 1514 Vade
735 1484 857 1525 age,
904 1475 1060 1525 nate,
1106 1484 1236 1514 voca
1260 1473 1561 1527 Zephyros.
1630 1477 1702 1517 Dii
1733 1478 1865 1530 igitur
1901 1478 2012 1531 apnd
2033 1480 2260 1533 Virgilium
2287 1484 2459 1534 ventos,

186 1546 240 1583 fut
271 1542 421 1595 citius,
458 1552 538 1593 quo
575 1541 778 1594 tendunt,
822 1541 1098 1595 perveniant,
1146 1541 1188 1581 in
1221 1540 1423 1581 auxilium
1455 1547 1609 1584 vocant
1639 1545 1774 1596 iisque
1797 1545 2095 1587 adiuvantibus
2132 1558 2209 1599 per
2240 1559 2367 1588 auras
2393 1548 2462 1588 fe-

184 1613 344 1650 runtur
371 1612 414 1649 et
438 1609 630 1662 rapidius
665 1612 996 1662 promoventur,
1040 1608 1083 1648 id
1123 1607 1231 1659 quod
1278 1610 1388 1650 Aen.
1435 1610 1487 1662 V,
1527 1612 1608 1650 607
1644 1611 1871 1652 confirmat.
1927 1613 2028 1653 Alia
2059 1625 2220 1666 quoque
2253 1616 2300 1654 in
2332 1626 2379 1656 re
2407 1609 2460 1655 ab

192 1676 379 1718 Homero
406 1677 606 1717 desciscit
630 1677 842 1729 Virgilius
858 1705 870 1729 ,
899 1676 995 1716 dum
1022 1676 1234 1716 Mercurio
1268 1677 1490 1728 pinnarum
1514 1677 1686 1731 talaria,
1714 1680 1807 1720 sive
1839 1680 1992 1732 pinnas
2021 1680 2202 1735 talares,
2232 1682 2272 1722 h.
2305 1693 2343 1723 e.
2371 1682 2460 1722 cal-

169 1757 292 1787 -eeos
327 1745 465 1786 alatos
492 1757 568 1798 pro
588 1745 828 1786 Homericis
857 1745 1150 1786 calceamentis
1184 1744 1342 1784 tribuit.
1396 1743 1515 1784 Haec
1533 1745 1643 1785 enim
1662 1745 1744 1785 alis
1769 1746 1934 1786 omnino
1963 1747 2190 1801 carebant,
2218 1759 2461 1800 quamquam

166 1842 168 1846 ,
192 1813 281 1853 illis
313 1811 510 1853 vibrandi
531 1812 600 1851 vis
618 1813 779 1866 inerat,
810 1823 893 1863 qua
926 1811 1028 1865 deo,
1058 1811 1154 1851 dum
1175 1811 1291 1851 illum
1313 1811 1528 1864 levabant,
1558 1813 1771 1856 incitatius
1791 1825 1839 1853 se
1858 1815 2131 1866 promovendi
2151 1815 2306 1855 dabant
2323 1816 2459 1856 facul·

192 1884 390 1922 tatem.--·
405 1879 633 1920 Praeclare
653 1883 778 1932 poeta
796 1880 1061 1920 velocitatem
1085 1879 1433 1932 etrapiditatem,
1454 1889 1535 1928 qua
1554 1878 1613 1919 dii
1630 1880 1732 1932 iter,
1762 1880 1799 1920 si
1820 1880 1940 1922 modo
1961 1880 2121 1938 volunt,
2148 1882 2320 1936 faciunt,
2348 1893 2461 1923 com-

194 1945 329 2002 parat,
349 1958 460 1988 nunc
474 1958 566 1988 cum
586 1947 741 2000 ventis,
769 1958 881 1987 nunc
899 1958 991 1987 cum
1010 1947 1219 1987 hominum
1239 1946 1561 1998 cogitationibus
1580 1946 1652 1993 (Il.
1668 1946 1763 2001 XV,
1783 1949 1851 2001 80,
1879 1948 2035 1999 Hymn.
2054 1949 2098 1989 in
2117 1950 2200 2001 Ap.
2223 1951 2313 2005 186,
2333 1952 2455 2002 448),

195 2016 342 2069 iidem,
375 2027 485 2056 nunc
504 2015 621 2054 velut
639 2015 855 2068 fulgentes
875 2016 1025 2056 stellae
1043 2027 1120 2068 per
1137 2026 1267 2056 auras
1287 2012 1534 2054 delabuntur
1561 2012 1631 2059 (ΙΙ.
1648 2013 1723 2068 Ν,
1752 2015 1825 2068 75,
1852 2014 2008 2067 Hymn.
2029 2015 2072 2055 in
2091 2016 2174 2068 Ap.
2193 2019 2317 2070 440),
2345 2030 2457 2059 nunc

195 2083 328 2123 veluti
344 2083 421 2122 nix
440 2086 483 2122 et
500 2082 687 2136 grando,
715 2084 909 2135 aquilone
929 2084 1077 2137 flante,
1108 2084 1150 2124 in
1170 2086 1326 2123 terram
1344 2079 1540 2121 decidunt
1557 2080 1646 2126 (11-
1656 2080 1753 2132 XV,
1784 2082 1915 2134 170),
1946 2093 2058 2122 nunc
2079 2085 2124 2122 ut
2142 2083 2275 2122 nubes
2291 2084 2337 2124 in
2356 2095 2455 2124 coe-

193 2150 278 2190 lum
305 2149 540 2189 ascendunt
565 2149 643 2203 (11.
673 2150 725 2201 V,
752 2151 887 2201 867),
916 2153 989 2189 aut
1011 2154 1218 2201 tamquam
1243 2148 1394 2191 nebula
1418 2161 1443 2190 e
1467 2151 1572 2192 mari
1600 2153 1823 2203 emergunt
1848 2150 1928 2196 (ΙΙ.
1955 2151 1990 2204 1,
2017 2152 2152 2205 359),
2180 2163 2292 2193 nune
2318 2152 2455 2205 plum-

193 2217 235 2257 bi
261 2218 397 2257 instar
416 2217 460 2255 in
488 2227 604 2256 mare
630 2216 934 2270 demerguntur
961 2217 1040 2262 (Il.
1069 2217 1233 2271 XXIV,
1261 2219 1356 2262 80).
1410 2217 1499 2256 Avi
1524 2215 1644 2255 modo
1670 2216 1831 2257 similes
1850 2227 1905 2255 ex
1930 2218 2102 2257 aethere
2121 2216 2321 2258 devolant
2346 2218 2452 2264 (Od.

192 2285 245 2335 V,
272 2286 345 2336 5¹3
373 2284 424 2323 Il.
452 2284 575 2336 XIII,
602 2286 675 2336 62,
705 2284 801 2337 XV,
829 2285 931 2336 237,
960 2283 1084 2336 XIX,
1111 2285 1217 2337 350,
1245 2283 1398 2335 Hymn.
1427 2285 1470 2324 in
1499 2283 1596 2325 Cer.
1623 2284 1689 2338 43,
1717 2283 1760 2324 in
1788 2283 1872 2336 Ap.
1904 2285 1999 2339 1143
2029 2283 2208 2326 Aeneid.
2234 2285 2310 2340 IV,
2337 2287 2452 2340 254),

191 2355 265 2392 aut
295 2351 464 2405 pavidis
497 2352 698 2393 columbis
732 2351 976 2392 incedentes
1012 2352 1338 2405 aequiparantur
1370 2351 1448 2397 [Il.
1485 2350 1537 2405 V,
1566 2351 1659 2405 778,
1687 2349 1841 2403 Hymn.
1869 2351 1913 2392 in
1945 2352 2029 2404 Ap.
2062 2353 2189 2407 114),
2226 2352 2452 2406 Neptunus

192 2420 372 2472 deniqne
408 2423 474 2461 ter
510 2423 668 2461 tantum
695 2420 979 2474 progrediens
1012 2420 1206 2460 maximis
1240 2417 1444 2472 gradibus
1483 2429 1639 2457 summo
1670 2417 1725 2458 de
1756 2421 1896 2458 monte
1927 2418 1971 2458 in
2005 2418 2219 2471 planitiem
2255 2421 2453 2473 pervenit

194 2488 274 2533 (Il.
302 2487 399 2541 XV,
426 2490 520 2534 20).
578 2478 783 2527 Similiter
817 2488 938 2527 modo
968 2488 1045 2527 sub
1073 2487 1251 2540 pedibus
1265 2484 1496 2526 incedentis
1511 2484 1579 2523 dei
1597 2487 1778 2525 tremunt
1808 2488 1852 2524 et
1879 2488 1995 2525 terra
2013 2488 2057 2524 et
2074 2489 2235 2525 montes
2253 2489 2297 2526 et
2313 2486 2451 2526 silvae

196 2554 272 2600 (Il.
298 2554 419 2608 XIII,
447 2557 501 2609 9,
530 2555 649 2609 XIV,
676 2557 805 2608 285),
833 2555 954 2595 modo
982 2566 1037 2595 ne
1064 2554 1257 2607 tangitur
1297 2551 1457 2604 quidem
1484 2553 1625 2591 terrae
1665 2555 1708 2591 et
1749 2552 1879 2592 maris
1915 2551 2159 2604 superficies
2187 2556 2259 2593 aut
2293 2564 2451 2594 summa

194 2623 353 2661 tantum
397 2621 473 2670 (11.
502 2621 619 2675 XIV,
646 2623 749 2675 228,
779 2624 879 2676 285,
908 2622 1031 2675 xm,
1059 2623 1126 2662 ao.
1155 2622 1266 2662 Aen.
1292 2621 1327 2673 1,
1358 2622 1472 2668 14⁷).
2407 2611 2411 2614 '

302 2687 353 2728 V.
381 2689 447 2727 99.
489 2684 644 2740 ἔγχος
671 2690 767 2730 sive
793 2687 952 2742 ἐγχείη,
991 2689 1172 2743 hasta,
1201 2688 1425 2741 lancea,
1467 2687 1588 2729 cuius
1618 2686 1921 2727 accuratiorem
1947 2688 2267 2740 explicationem
2294 2687 2345 2727 n.
2372 2687 2447 2742 v1,

191 2757 275 2796 319
300 2757 345 2794 et
376 2754 493 2807 VIII,
520 2759 599 2795 494
631 2758 849 2810 invenies,
888 2758 1000 2796 inter
1028 2757 1132 2796 deos
1169 2756 1391 2807 praecipue
1417 2756 1639 2795 Minervae
1672 2758 1715 2794 et
1741 2755 1888 2809 Marti,
1916 2756 2027 2796 inter
2055 2756 2244 2796 homines
2275 2756 2448 2808 heroum

192 2825 340 2876 cuique
371 2823 566 2877 obvenit,
596 2826 757 2875 quoties
795 2826 838 2865 hi
870 2826 941 2865 vel
974 2824 1029 2866 ad
1057 2822 1329 2877 pugnandum
1360 2822 1588 2875 prodeunt,
1618 2820 1689 2862 vel
1724 2820 1778 2862 ad
1817 2822 2081 2864 venationem
2108 2824 2265 2863 exeunt
2291 2821 2446 2876 (XIX,

191 2894 318 2945 438),
348 2892 419 2931 vel
456 2892 600 2932 itineri
628 2903 676 2931 se
713 2893 967 2932 committunt
993 2893 1121 2945 (XV,
1149 2894 1256 2944 282,
1284 2890 1333 2931 Il.
1370 2893 1421 2945 V,
1449 2894 1580 2943 746),
1609 2891 1679 2931 vel
1706 2891 1751 2931 in
1787 2891 2025 2932 concionem
2063 2889 2324 2931 descendunt
2362 2890 2444 2944 (n,

196 2963 268 3013 10,
298 2960 437 3012 XVII,
466 2962 543 3015 62,
573 2960 675 3012 ΧΧ,
709 2961 799 3012 127,
830 2962 925 3013 145,
954 2960 1005 3000 Il.
1034 2960 1088 3012 X,
1121 2962 1197 3000 135
1208 2965 1242 3007 ).
1288 2959 1421 3000 Huius
1449 2960 1596 3000 hastae
1622 2959 1714 3001 loeo
1742 2958 1893 3000 heroes
1922 2958 2130 3000 interdum
2156 2958 2255 2999 bina
2285 2958 2442 3010 iacula,
