2667 3345
457 121 464 127 ,
482 0 643 251 ,J
1295 54 1370 106 ιο
1604 121 1607 123 ,

195 172 500 238 μινυνθάδφν,’
552 179 655 241 ίλην,
671 182 867 234 pertinet.
921 179 1028 221 Inde
1063 182 1163 220 nata
1198 183 1266 222 est
1300 181 1426 235 illa,a
1456 182 1679 224 Passowio
1705 186 1874 237 omissa,
1888 191 2101 239 potestas,
2136 196 2242 237 quae
2274 187 2341 226 est
2374 184 2466 225 La-

196 240 499 307 tinorumss‘e]
520 250 614 290 sive
641 247 802 287 etiam
828 245 954 301 XIX,
981 248 1058 285 541
1091 250 1134 286 et
1164 248 1242 287 581
1272 243 1314 287 ἔν
1341 260 1416 302 περ
1444 246 1598 304 ὀνείρῳ.

302 298 568 369 Υ.’7.Ᾰ1ιάε
596 314 806 352 Homerus
834 314 1050 364 reciproca
1068 313 1380 363 significatione
1407 317 1478 356 vel
1496 319 1675 370 simplici
1703 318 1946 370 pronomine
1972 320 2214 370 personali,
2243 323 2290 358 ut
2305 321 2373 373 34,
2392 318 2467 371 IV,

193 381 247 420 74
279 374 445 454 ξω,
473 384 574 434 2053
604 380 662 433 Π,
689 382 792 437 ass,
822 379 901 434 111,
927 381 1031 433 3333
1059 379 1135 433 IV,
1166 382 1255 434 162,
1284 383 1379 436 219,
1405 386 1499 438 302,
1526 387 1631 439 ³⁰⁶3
1660 386 1712 438 v,
1745 388 1835 438 165,
1863 387 1956 437 321,
1984 386 2092 437 aas,
2129 385 2246 438 vm,
2274 388 2368 437 446,
2395 385 2467 425 vel

228 497 233 500 η
279 436 314 455 ’“’
350 440 455 499 ’τος,
484 449 530 486 ut
556 446 608 486 11.
636 445 694 500 II,
723 447 826 500 4663
855 445 934 499 XI,
962 447 1063 500 6993
1093 444 1171 486 Od.
1201 446 1277 501 IV,
1304 449 1398 502 247,
1426 451 1527 504 7103
1556 451 1614 505 X,
1643 453 1747 505 4163
1776 451 1899 505 XXI,
1927 452 2027 504 2493
2063 461 2272 501 nunquam
2299 462 2468 503 compo-

179 554 192 561 „
258 512 293 553 's
320 511 500 563 ἐμαυτοῦ
542 512 623 554 ὥς.
657 513 800 553 utitur.
859 512 1017 553 Confer
1047 511 1248 553 Scholion
1282 514 1335 553 ad
1364 516 1414 555 Il.
1443 516 1561 569 XIV,
1593 520 1683 572 162,
1712 518 1782 557 ubi
1813 518 2058 558 Zenodotus
2090 518 2244 557 acriter
2271 521 2467 571 notatur,

195 582 304 635 quod
337 580 357 622 ἓ
385 574 511 636 αὐτήν
539 595 616 636 pro
648 596 731 624 uno
761 584 965 624 vocabulo
993 583 1198 624 habuerit.
1254 583 1335 625 Ubi
1360 585 1606 636 pronomina
1625 586 1935 638 coniunguntur
1963 586 2093 639 vulgo
2115 584 2327 638 praecedit
2345 596 2464 637 pron.

194 659 310 701 pers.
339 652 385 689 ut
410 649 462 690 11.
489 649 569 703 111,
596 651 698 704 3013
729 650 780 702 V,
808 652 885 703 643
923 649 998 701 VI,
1028 652 1128 703 4463
1167 650 1284 702 VIII,
1312 651 1413 703 5293
1450 649 1531 701 IX,
1558 653 1664 703 5213
1699 651 1757 705 X,
1784 654 1878 703 204,
1904 654 2008 703 3073
2044 653 2144 704 XII,
2172 654 2238 704 43,
2265 654 2332 703 86,
2365 653 2464 704 1553

194 716 314 769 xlv,
348 718 449 771 1623
479 717 576 770 XV,
604 719 682 771 393
721 716 883 769 XVIII,
912 717 1018 771 3583
1058 718 1196 757 rarius
1222 710 1364 764 αὐτός,
1401 721 1445 757 ut
1482 716 1561 758 hoc
1592 717 1684 758 loco
1711 730 1837 771 porro
1866 719 1938 769 IV,
1967 721 2068 766 2443
2110 718 2249 771 XVII,
2278 719 2343 771 81,
2372 719 2465 770 494,

194 784 299 836 5953
334 784 483 837 XXII,
511 785 614 835 3453
643 783 805 836 XXIV,
833 785 936 836 249,
963 784 1015 822 11.
1044 783 1094 835 V,
1122 785 1222 835 8843
1263 783 1343 836 IX,
1372 786 1465 823 680.
1521 784 1652 823 Plura
1692 783 1808 823 dabit
1833 784 2102 823 Hermannus
2134 784 2178 822 in
2207 783 2403 837 Opuscul.
2430 783 2467 837 1,

193 851 300 905 321,
334 852 454 906 cuius
483 852 705 905 egregiam
731 851 1042 892 annotationem
1071 850 1113 888 in
1141 861 1258 889 meos
1290 864 1393 890 usus
1420 852 1625 891 converti.

175 910 177 913 ’
304 918 356 957 V.
389 921 452 957 10.
485 919 627 958 Locus
655 918 866 958 difficilior
903 919 946 956 et
977 916 1029 954 ab
1058 916 1362 968 interpretibus
1398 919 1517 958 varie
1557 919 1749 957 vexatus.
1806 914 2082 968 Singulorum
2123 917 2347 957 verborum
2383 918 2469 958 vim

195 984 315 1036 prius
343 984 620 1036 pensitemus.
909 996 914 1001 ’

264 1039 267 1041 ’
304 1043 498 1101 ἁμόθεν
529 1051 561 1092 i.
590 1062 630 1103 q.
666 1049 797 1095 ποθέν
833 1053 901 1090 est
933 1041 1013 1088 ἆπό
1051 1062 1161 1093 τινος
1186 1048 1352 1101 μέρους,
1392 1047 1657 1103 alicunde,
1686 1048 1802 1089 ulla
1828 1061 1894 1089 ex
1923 1053 2103 1103 parte,
2131 1050 2470 1102 quemadmodum

196 1110 452 1169 οὐδαμόθεν,
476 1118 631 1159 nulla
664 1130 726 1158 ex
756 1120 925 1170 parte.
962 1115 1085 1157 Haud
1104 1115 1212 1155 male
1231 1127 1286 1155 ex
1306 1116 1422 1167 VIII,
1442 1119 1523 1157 500
1542 1118 1771 1159 contuleris
1797 1114 1914 1158 §ww
1940 1111 2066 1166 ἑλών,
2092 1130 2278 1172 quocum,
2304 1120 2470 1160 minime

195 1197 327 1240 vero,
357 1186 467 1238 quod
495 1186 676 1226 Vossius
710 1186 829 1238 fecit,
859 1197 949 1225 cum
975 1186 1120 1222 nostro
1155 1182 1260 1235 loco,
1295 1184 1574 1236 comparanda
1592 1190 1658 1225 est
1681 1185 1806 1225 dictio
1839 1186 1883 1225 in
1913 1185 2072 1238 Georg.
2101 1186 2136 1238 Ι,
2163 1188 2203 1238 5,
2236 1186 2361 1227 hinc
2388 1197 2470 1227 ca—

196 1265 336 1296 nere
364 1256 641 1308 incipiam.
668 1275 723 1285 ——
743 1254 815 1293 -In
853 1252 1056 1294 vocabulo
1085 1251 1187 1292 τῶν
1215 1251 1387 1291 offendit
1417 1252 1690 1304 Nitzschius,
1725 1253 1793 1304 qui
1818 1252 2021 1305 pluralem
2050 1252 2117 1293 hic
2150 1264 2225 1305 pro
2259 1253 2470 1306 singulari

196 1321 272 1361 τοῦ
300 1324 467 1375 accipit.
520 1323 631 1362 Nam
668 1322 838 1375 proprie
873 1320 942 1361 hic
976 1331 1178 1359 numerus
1219 1319 1416 1359 lectorem
1452 1319 1508 1359 ad
1544 1330 1620 1372 ea,
1667 1330 1773 1372 quae
1819 1320 1863 1359 in
1896 1320 2085 1373 proxime
2127 1320 2471 1360 antecedentibus

198 1390 446 1442 singulatim
474 1393 573 1429 sunt
622 1392 890 1438 enumerata,
925 1387 1119 1427 nimirum
1165 1386 1217 1426 ad
1252 1387 1422 1438 Ulyssis
1460 1398 1648 1428 errorem
1688 1390 1881 1440 (2-3),
1916 1400 2041 1428 casus
2078 1392 2121 1428 et
2160 1389 2327 1427 labores
2354 1391 2469 1439 (4),

196 1455 251 1498 ad
277 1453 489 1498 'sociorum
522 1456 717 1497 insanum
758 1454 924 1497 facinus
951 1465 1174 1508 eorumque
1210 1454 1424 1497 interitum
1465 1457 1522 1503 (5
1539 1479 1563 1487 -
1580 1457 1635 1502 9)
1666 1455 1825 1510 reiicit,
1872 1455 1954 1496 τῶν
1997 1457 2128 1510 igitur
2148 1459 2240 1509 est,
2283 1460 2328 1496 ut
2361 1457 2469 1507 339,

197 1516 355 1564 τούτων
382 1524 465 1564 τῶν
492 1516 694 1563 ἁπάντων.
748 1522 874 1564 Haud
902 1522 1026 1562 aliter
1057 1522 1332 1563 Eustathius:
1361 1522 1412 1575 τῇ
1438 1513 1588 1575 Μούσῃ
1615 1518 1839 1573 ἀνατίθησι
1865 1516 1913 1561 τὸ
1941 1515 2148 1574 ἄρξασθαι
2176 1518 2273 1562 ὅθεν
2301 1516 2349 1562 ἄν
2368 1515 2470 1574 αὐτή

197 1588 243 1631 ἐκ
279 1590 364 1631 τῶν
391 1591 554 1631 πολλῶν
594 1583 803 1641 βούλοιτο.
830 1611 886 1621 ·-—
938 1590 1189 1630 Eustathius
1227 1594 1269 1631 et
1307 1589 1571 1631 Scholiastes
1615 1589 1670 1630 ad
1698 1590 1877 1630 Theocr.
1924 1590 2007 1644 IV,
2052 1593 2107 1630 54
2146 1595 2261 1630 recte
2308 1589 2471 1642 quidem

198 1658 383 1712 iungunt
408 1646 503 1697 καἾ
539 1670 632 1699 cum
658 1656 767 1705 εἰπέ,
791 1653 990 1711 graviter
1018 1668 1121 1697 vero
1149 1658 1193 1698 in
1221 1668 1270 1698 eo
1300 1660 1464 1711 errant,
1494 1655 1603 1709 quod
1629 1657 1905 1698 adiectionem
1933 1657 2056 1697 huius
2093 1657 2287 1697 vocabuli
2318 1668 2471 1710 super-

198 1736 430 1766 vacaneam
456 1725 740 1777 arbitrantur,
780 1737 904 1776 quum
942 1724 1081 1776 potius
1118 1725 1176 1765 ita
1208 1725 1456 1778 imperativo
1484 1725 1540 1765 sit
1566 1724 1772 1777 additum,
1812 1727 1859 1764 ut
1887 1724 2133 1769 Latinorum
2167 1715 2353 1776 quaeso
2391 1735 2470 1764 ex-

200 1792 364 1846 primat.
420 1791 632 1844 Exempla
665 1791 840 1845 collegit
866 1791 1058 1844 Vigerus
1084 1804 1157 1844 pg.
1186 1793 1279 1833 524.
1307 1816 1362 1824 —

310 1861 459 1899 Totum
487 1846 620 1913 igitur
648 1859 782 1901 locum
810 1859 956 1900 verbis
984 1863 1133 1913 poetae
1161 1858 1341 1900 fideliter
1369 1859 1597 1901 inhaerens
1616 1860 1674 1901 ita
1693 1860 2000 1901 enarraverim:
2030 1859 2222 1900 Horum
2250 1858 2472 1905 (omnium)

201 1926 315 1967 ulla
350 1928 537 1968 saltem
564 1939 624 1968 ex
654 1932 828 1980 parte,
857 1926 974 1979 dea,
1003 1928 1156 1967 Jovis
1184 1927 1326 1981 filia,
1357 1928 1457 1982 dic,
1487 1940 1708 1982 quaeso,
1737 1929 1894 1968 nobis
1922 1928 1962 1967 h.
1984 1940 2020 1967 e.
2049 1929 2150 1967 mihi
2178 1932 2220 1967 et
2248 1932 2355 1979 (per
2374 1932 2470 1973 me)

201 1995 281 2048 iis,
311 1997 380 2046 qui
414 2008 478 2036 me
507 1996 789 2036 circumstant.
844 1980 985 2036 Alia⁰m
1009 1998 1117 2036 enim
1134 1996 1423 2048 eandemque,
1453 1997 1490 2036 si
1520 1995 1617 2047 quid
1642 1995 1793 2047 iudico,
1825 1995 1879 2035 ad
1901 1996 2027 2034 totius
2046 1995 2127 2035 loci
2147 2006 2317 2034 sensum
2333 1993 2471 2045 aptio-

202 2073 292 2102 rem
333 2063 724 2117 interpretationem
765 2063 883 2104 vocis
924 2056 1048 2116 ἡμῖν
1088 2067 1289 2116 sequutus
1318 2076 1425 2117 sum,
1472 2075 1592 2117 quam
1633 2074 1685 2104 ea
1717 2067 1802 2118 est,
1846 2074 1966 2116 quam
1999 2064 2272 2116 interpretum
2305 2060 2471 2114 plurimi

202 2129 423 2170 dederunt.
481 2130 615 2179 Quum
652 2130 784 2183 igitur
814 2131 951 2169 omnia
983 2131 1091 2169 omni
1119 2143 1173 2170 ex
1206 2134 1326 2184 parte
1353 2137 1447 2184 apte
1467 2132 1638 2185 cadant,
1668 2131 1774 2184 quod
1804 2143 1896 2171 cum
1913 2131 2136 2171 Nitzschio
2165 2130 2273 2170 hunc
2301 2140 2471 2168 versum

202 2200 248 2237 ut
275 2198 462 2249 spurium
492 2198 664 2249 eiicias,
707 2209 793 2236 non
828 2198 1026 2250 habebis,
1063 2201 1311 2249 praesertim
1338 2212 1457 2250 quum
1488 2201 1655 2239 minime
1683 2198 1924 2251 probabiles
1950 2198 2137 2237 attulerit
2164 2198 2374 2251 rationes,
2416 2196 2471 2236 ad

204 2276 310 2316 quas
343 2264 588 2318 singulatim
629 2264 909 2318 respondebo.
965 2265 1059 2306 Ῑόαό
1098 2266 1216 2320 eingig
1254 2267 1486 2317 Dastebenbe
1520 2259 1679 2318 ἁμόθεν
1718 2260 1856 2315 (ἅπαξ
1891 2257 2106 2318 λεγόμενα,
2146 2277 2268 2318 quum
2299 2275 2471 2306 numero

204 2332 314 2385 apud
347 2334 576 2373 Homerum
619 2336 661 2372 et
690 2334 733 2372 in
771 2335 946 2384 utroque
983 2334 1165 2374 carmine
1198 2338 1242 2375 et
1273 2335 1316 2374 in
1354 2335 1536 2387 singulis
1572 2334 1693 2375 libris
1728 2335 1815 2374 sint
1851 2334 2050 2386 plurima,
2092 2344 2350 2385 nequaquam
2380 2332 2472 2373 iure

204 2401 433 2452 meritoque
452 2400 616 2442 obelum
634 2399 825 2440 manibus
845 2399 929 2441 tuis
946 2399 1169 2455 tradent),
1198 2402 1257 2441 bie
1282 2400 1522 2453 mieberlwste
1539 2402 1819 2454 &uffotbetung
1848 2403 1911 2442 ber
1939 2400 2054 2452 {muse
2080 2403 2236 2454 (poeta
2262 2399 2472 2441 commode

196 2459 249 2507 ‘et
275 2468 525 2519 efficaciter,
557 2468 665 2519 quod
697 2468 750 2507 ad
782 2479 917 2507 meum
944 2467 1165 2520 iudicium,
1205 2469 1248 2507 in
1279 2471 1476 2521 prooemii
1503 2470 1586 2509 fine
1616 2470 1831 2509 Musarum
1858 2469 2162 2508 invocationem
2178 2497 2190 2521 ,
2218 2468 2328 2508 unde
2348 2474 2474 2507 orsus

207 2538 289 2589 est,
324 2536 495 2589 repetit,
526 2535 568 2577 id
599 2534 707 2592 quod
736 2535 902 2577 facilius
930 2535 1208 2589 persuadeam
1235 2539 1419 2578 nostrum
1439 2538 1571 2579 locum
1604 2549 1695 2579 cum
1721 2536 1773 2577 11.
1798 2535 1856 2589 11,
1883 2539 1962 2577 484
1989 2539 2032 2577 et
2058 2538 2134 2577 491
2165 2535 2471 2589 comparanti.);

208 2605 285 2645 bae
312 2603 541 2656 nidbeutige
567 2602 634 2643 καὶ
661 2597 758 2656 ἡμῖν
787 2608 1016 2658 (magnam
1043 2603 1227 2645 locorum
1255 2604 1434 2659 copiam,
1463 2617 1568 2661 quos
1600 2605 1673 2647 alii
1700 2605 1823 2646 aliter
1843 2604 2076 2658 explicent,
2104 2605 2181 2645 tibi
2199 2608 2470 2651 enumerem).

207 2672 302 2712 Hoc
330 2683 492 2723 quoque
520 2672 750 2712 mirandum
777 2672 1046 2728 Nitzschium
1072 2674 1116 2713 in
1155 2673 1371 2713 vocabulis
1407 2676 1486 2716 καὶ
1519 2670 1638 2729 ἡμῖν
1671 2673 1934 2729 θξῳίἰοαηᾱὶε
1968 2686 1994 2714 a
2027 2677 2159 2715 semet
2185 2674 2279 2726 ipso
2307 2671 2473 2714 discre-

208 2751 332 2794 pare,
362 2740 539 2791 primum
575 2741 684 2780 enim
719 2752 810 2781 cum
836 2741 1058 2782 Passowio
1087 2741 1208 2784 facit:
1243 2753 1373 2782 narra
1397 2745 1518 2784 nobis
1546 2755 1709 2797 quoque
1737 2755 1795 2783 sc.
1826 2746 1871 2782 ut
1895 2742 1993 2783 aliis
2015 2744 2097 2783 iam
2114 2742 2320 2795 narrasti,
2349 2741 2472 2794 paulo

207 2812 303 2862 post
332 2806 623 2861 Scholiastae,
652 2820 770 2860 quam
807 2810 924 2861 prius
952 2810 1045 2862 ipse
1073 2808 1308 2861 damnavit,
1341 2810 1601 2862 amplectitur
1629 2810 1901 2864 sententiam,
1930 2811 2133 2864 supplens
2160 2798 2216 2855 ὥς
2242 2804 2291 2850 σὺ
2320 2802 2447 2853 οἶδας.

315 2875 366 2933 V,
398 2877 460 2914 11.
503 2875 657 2927 Poeta,
690 2875 760 2914 ubi
786 2875 1027 2927 προέκθεσιν
1045 2877 1248 2930 absolvit,
1276 2878 1482 2931 lectores,
1511 2878 1582 2917 vel
1616 2878 1754 2931 potius
1782 2877 2015 2934 auditores,
2044 2879 2192 2931 quibus
2219 2875 2472 2934 inKuniver-

211 2955 301 2983 sum
329 2954 376 2984 se
404 2942 457 2984 de
484 2946 656 2984 errante
684 2947 727 2985 et
752 2955 1001 2986 aerumnoso
1029 2945 1186 2997 Ulysse
1214 2948 1472 2986 cantaturum
1499 2946 1646 2999 paucis
1671 2946 1958 2998 annuntiavit,
1987 2946 2127 2986 statim
2148 2945 2192 2985 in
2209 2942 2368 2983 medias
2386 2953 2472 2993 res,
