2667 3345
1328 118 1367 168 5
1380 175 1383 177 ,

225 246 416 300 diumque
443 244 698 287 contulerim.
755 244 884 286 Cuius
916 255 1018 285 vero
1047 245 1110 286 rei
1138 256 1264 289 causa
1305 244 1528 313 perspicua
1570 243 1645 282 tibi
1685 245 1788 298 erit,
1831 245 1876 285 in
1908 245 2089 287 mentem
2173 288 2175 290 .

224 328 371 369 harum
397 324 802 365 animadversionum
829 327 1036 379 originem
1064 337 1119 365 ex
1146 326 1223 378 iis,
1270 335 1364 378 quae
1394 324 1550 365 scholae
1586 325 1680 365 usui
1714 325 1886 382 collecta
1917 317 2063 382 eranf,
2108 337 2221 376 asse..
2261 327 2307 341 ²

224 384 489 461 Quapropter
522 409 611 448 fieri
642 420 726 448 non
760 408 919 460 potuit,
962 407 1061 459 quin
1092 406 1221 446 multa
1246 407 1502 460 irreperent,
1550 419 1721 460 quorum
1756 408 1842 448 alia
1868 409 2056 465 uberius,
2103 410 2208 472 alia·
2228 432 2255 446 ,ι
2308 391 2314 400 “

225 488 435 542 disputata
471 491 576 545 sint,
617 491 741 543 plura
766 488 908 542 etiam,
948 499 1041 539 quae
1067 491 1140 528 aut
1165 500 1481 542 supervacanea
1508 489 1751 544 videantur,
1794 502 1917 543 quum
1943 491 1996 530 ab
2022 492 2118 534 aliis
2142 494 2226 535 iam
2249 506 2281 552 p
2330 511 2359 528 av·
2380 516 2417 530 ‚r

225 576 324 625 pata
351 572 454 626 sint,
483 577 555 612 aut
578 571 779 623 exiliora,
807 582 929 621 quum
966 569 1175 623 scholam,
1214 571 1279 610 cui
1316 572 1433 622 prius
1459 576 1581 612 erant
1606 576 1771 625 aptata,
1813 573 1937 612 nimis
1962 573 2196 616 etiamnunc
2222 573 2470 635 redoleant,

226 663 466 704 quamquam
502 649 607 690 nihil
633 650 819 703 omnino,
847 659 971 702 quum
991 660 1066 704 ea,
1093 661 1185 702 quae
1211 650 1264 691 ab
1292 651 1408 693 initio
1426 654 1481 695 ad
1508 656 1719 708 proprium
1745 668 1865 695 usum
1892 666 2165 711 paraveram,
2192 659 2234 698 in
2261 658 2471 712 publicum

226 746 460 790 proponere
486 733 596 787 apud
624 745 696 775 me
716 735 1050 789 constituissem,
1078 736 1289 787 antiquius
1316 735 1463 789 habui,
1493 747 1613 787 quam
1639 742 1706 790 ut,
1734 736 1911 790 deletiS,
1941 747 2034 789 quae
2065 727 2203 779 minus
2223 740 2469 797 placebant,

226 809 386 870 reliqua
418 818 554 857 omnia
580 818 639 858 ita
674 820 946 858 retractarem
973 821 1015 858 et
1042 829 1118 871 pro
1147 818 1309 861 viribus
1337 821 1609 870 exornarem,
1638 820 1684 856 ut
1713 816 1850 870 aliquo
1876 817 1996 858 modo
2023 817 2159 871 digna
2183 826 2350 876 essent,
2377 837 2470 877 que

226 899 379 955 publici
406 899 510 940 iuris
537 899 697 939 fierent.
753 897 911 950 Quibus
932 899 1059 941 rebus
1086 898 1197 939 haud
1216 906 1484 952 praepropere
1511 895 1734 951 perfectis,
1761 898 1897 937 tamen
1924 908 2007 938 non
2027 897 2210 940 diffiteor
2226 912 2293 942 me
2312 904 2468 958 saepius

226 993 346 1037 paene
378 981 596 1023 adductum
623 982 784 1037 fuisse,
831 986 875 1022 ut
905 983 1056 1023 iterum
1082 993 1132 1023 ea
1159 981 1459 1023 absconderem
1493 980 1535 1018 et
1561 977 1883 1031 intelligentium
1910 980 2093 1021 virorum
2118 980 2272 1024 iudicio
2299 983 2469 1027 subtra-

227 1065 391 1117 herem,
437 1066 587 1117 quippe
624 1067 693 1118 qui
726 1066 856 1119 probe
896 1066 1177 1118 intelligerem
1209 1076 1275 1104 me
1311 1067 1408 1117 post
1440 1063 1653 1103 Nitzschii
1687 1063 1960 1103 eruditionem
1992 1068 2035 1104 et
2060 1065 2276 1119 ingenium
2302 1069 2469 1118 inanem

226 1128 395 1201 operam
421 1149 672 1201 suscepisse.
726 1148 1010 1198 Praeterquam
1036 1150 1172 1186 autem
1191 1144 1298 1198 quod
1313 1148 1475 1198 tempus
1502 1144 1683 1197 urgebat
1708 1155 1859 1196 neque,
1879 1144 1963 1184 alia
1980 1149 2024 1184 ut
2041 1147 2328 1198 protraherem
2343 1154 2469 1204 atque

225 1214 545 1284 pertractarem,
587 1231 776 1283 sinebat,
810 1234 1032 1270 revocatus
1062 1230 1186 1269 etiam
1213 1241 1303 1267 sum
1329 1227 1380 1265 ab
1410 1225 1487 1266 hac
1515 1226 1744 1278 sententia,
1773 1225 1905 1279 quod,
1951 1238 2073 1277 quum
2098 1228 2314 1271 admodum
2340 1233 2469 1281 multa

224 1313 267 1352 in
296 1312 417 1352 huius
443 1313 527 1352 viri
555 1311 661 1351 libro
689 1310 894 1363 praeclara
921 1310 1217 1363 cognovissem
1244 1319 1375 1359 eaque
1401 1308 1577 1362 libenter
1603 1307 1822 1360 amplexus
1851 1320 2009 1363 essem,
2039 1313 2177 1352 tamen
2204 1312 2248 1351 in
2275 1313 2397 1368 aliis,
2425 1318 2470 1355 ut

224 1397 322 1435 sunt
347 1394 519 1434 diversa
546 1393 754 1434 hominum
780 1392 972 1446 ingenia,
1014 1403 1079 1432 me
1105 1390 1348 1444 discrepare
1375 1388 1588 1441 videbam,
1634 1401 1758 1442 porro
1786 1389 1894 1441 quod
1922 1390 2148 1432 nonnullos
2176 1391 2468 1447 deprehende-

223 1475 316 1514 bam
344 1474 482 1527 locos,
528 1474 699 1526 quibus,
746 1483 868 1522 quum
894 1472 1172 1512 illustratione
1199 1471 1392 1522 indigere
1419 1472 1687 1526 viderentur,
1733 1473 1805 1513 vel
1844 1475 1937 1526 ipse
1976 1474 2083 1515 lucis
2123 1476 2282 1527 aliquid
2318 1480 2470 1520 afferre

219 1555 458 1623 tentabam,
499 1553 678 1606 denique
714 1553 822 1605 quod
861 1565 937 1606 pro
966 1553 1219 1606 cognitionis
1247 1551 1427 1608 modulo,
1475 1554 1545 1606 qui
1581 1566 1683 1595 sane
1725 1567 1801 1607 per
1842 1560 1909 1596 est
1935 1558 2146 1611 exiguus,
2194 1561 2441 1613 scriptorem
2457 1592 2469 1614 ,

224 1648 342 1688 quem
383 1637 425 1675 in
467 1634 629 1675 deliciis
673 1634 829 1687 habeo,
877 1635 1025 1674 iuvare
1070 1634 1272 1674 volebam.
1328 1634 1457 1685 Quam
1485 1637 1649 1686 quidem
1685 1647 1773 1676 rem
1814 1637 1872 1676 ita
1898 1638 2229 1693 administravi,
2277 1645 2322 1680 ut
2353 1643 2468 1683 nullo

222 1720 407 1770 tempore
435 1716 643 1755 immemor
671 1726 807 1755 essem
835 1726 899 1755 me
925 1726 1182 1767 nequaquam
1208 1719 1448 1769 perpetuam
1474 1718 1517 1756 in
1546 1715 1780 1769 odysseam
1817 1718 2135 1772 explicationem
2172 1723 2465 1778 conscribere,

222 1781 609 1837 sedaccessionem
649 1798 1046 1849 quantulamcunque
1085 1798 1138 1836 ad
1180 1798 1293 1837 illius
1320 1798 1401 1836 viri
1436 1799 1728 1838 annotationes
1763 1802 1935 1853 afferre,
1983 1801 2266 1853 studiosisque
2291 1804 2466 1846 Homeri

223 1880 313 1919 haec
341 1891 437 1918 esse
464 1879 695 1931 destinata,
740 1880 809 1929 qui
843 1883 885 1917 et
912 1879 1008 1918 illas
1034 1879 1202 1931 legent,
1248 1885 1320 1920 aut
1356 1880 1491 1931 potius
1527 1881 1608 1920 iam
1635 1882 1786 1921 dudum
1812 1883 2033 1937 legerunt,
2081 1889 2124 1924 et
2160 1886 2251 1926 iure
2291 1888 2467 1929 moleste

221 1958 404 2011 ferrent,
451 1959 488 1997 si
514 1959 686 2010 cognita
712 1957 848 2008 ibique
876 1962 1044 2010 reperta
1070 1959 1217 1999 iterum
1245 1959 1464 2000 dedissem.
1521 1960 1679 2011 Quodsi
1715 1962 1787 2002 vel
1824 1964 1885 2004 sic
1919 1965 2024 2004 satis
2051 1965 2208 2020 multa,
2253 1980 2346 2019 quae
2373 1970 2468 2010 dis-

221 2039 422 2093 pliceant,
452 2038 691 2090 inveneris,
719 2040 879 2090 tamen,
909 2038 947 2077 si
979 2039 1054 2078 tibi
1082 2040 1274 2103 conferre
1307 2044 1496 2098 vacabit,
1525 2044 1757 2098 diligentiae
1783 2058 1885 2087 meae
1916 2049 2195 2090 testimonium
2223 2051 2373 2103 ubique
2400 2053 2467 2093 fa-

223 2122 302 2163 cile
330 2120 537 2174 praebebis
564 2119 688 2171 idque
715 2131 764 2160 eo
796 2121 953 2173 magiS,
997 2121 1105 2172 quod
1141 2123 1185 2163 in
1219 2125 1394 2175 penuria
1421 2124 1680 2167 bibliothecae
1708 2130 1886 2181 nostrae,
1916 2130 2155 2181 ceteroquin
2183 2130 2398 2172 ditissima:
2424 2137 2468 2173 et

222 2201 578 2255 instructissimae,
619 2201 842 2241 maioribus
883 2201 1082 2242 subsidiis
1122 2215 1299 2256 prorsus
1340 2205 1561 2247 destitutus
1601 2218 1653 2247 ea
1689 2207 1941 2249 solummodo
1979 2209 2081 2250 dare
2118 2213 2261 2267 potui,
2304 2226 2396 2266 quae
2422 2216 2466 2257 in

223 2283 374 2322 iterata
399 2282 571 2321 Homeri
597 2281 798 2332 lectione,
826 2281 1013 2333 pauculis
1041 2282 1156 2322 horis
1175 2284 1434 2341 subsecivis,
1462 2301 1565 2341 quas
1593 2291 1856 2333 scholasticis
1882 2293 2145 2346 muneribus,
2171 2295 2318 2346 quibus
2345 2308 2467 2350 paene

226 2366 397 2406 obrutus
425 2375 558 2417 eram,
587 2375 746 2415 quoque
777 2364 896 2404 modo
925 2366 1172 2407 subtrahere
1200 2372 1404 2424 poteram,
1450 2372 1726 2414 intentissimo
1755 2374 1891 2414 studio
1918 2376 2093 2427 ipsemet
2119 2378 2337 2429 conquisiv
2339 2389 2468 2420 eram.

227 2443 345 2496 Quod
377 2444 476 2484 mihi
507 2444 721 2499 gratuler,
750 2445 914 2486 abunde
942 2446 1122 2502 habebo,
1152 2449 1189 2489 si
1226 2461 1354 2502 opera
1387 2452 1463 2492 hac
1494 2453 1538 2493 in
1571 2466 1617 2494 re
1645 2454 1845 2495 collocata
1868 2456 1974 2495 viris
2002 2456 2135 2497 doctis
2161 2457 2301 2510 aliqua
2320 2459 2469 2528 saltem

227 2537 281 2566 ex
315 2528 433 2578 parte
461 2525 725 2577 comprobata
751 2526 895 2580 fuerit,
939 2528 975 2567 si
1003 2527 1175 2583 dignum
1201 2541 1266 2571 me
1294 2531 1592 2588 iudicaverint,
1636 2547 1661 2575 a
1690 2548 1768 2588 quo
1796 2536 1872 2576 hoc
1898 2538 2210 2592 munusculum,
2245 2540 2382 2582 animo
2419 2553 2471 2584 ac

227 2611 440 2652 voluntate
468 2611 584 2660 eius,
614 2613 682 2661 qui
715 2612 852 2652 libens
880 2612 1017 2667 dedit,
1047 2626 1167 2666 quam
1204 2626 1274 2670 re,
1303 2616 1434 2657 maius
1462 2616 1717 2670 ampliusque
1744 2617 1928 2670 benigne
1954 2619 2176 2671 accipiant

2477 2357 2499 2376 Ο
