2667 3345
259 616 311 657 V.
334 617 369 657 1.
395 576 548 670 Quod
575 611 717 663 caput,
746 606 854 662 quod
880 607 1007 647 totius
1035 605 1236 659 poematis
1263 603 1503 659 primarium
1529 605 1599 643 est
1623 603 1939 656 argumentum,
1978 599 2022 641 id
2048 600 2092 642 in
2117 603 2332 658 utriusque
2358 612 2457 645 w.
2512 595 2556 608 ’Ν
2582 592 2591 634 ’,
2658 640 2667 660 A

206 683 330 722 minis
366 683 497 734 primo
539 687 668 716 versu
705 675 879 727 primum
919 676 985 712 est
1010 673 1208 725 positum,
1247 663 1368 722 ἀνήρ
1395 673 1437 709 et
1464 669 1622 721 μῆνις.
1676 667 1920 720 Requiritur
1947 667 2079 721 enim,
2125 671 2171 708 ut
2202 668 2457 711 Aristoteles

206 747 431 798 Rhet.111,
462 747 512 784 14
539 743 756 795 praecepit,
785 752 839 779 ne
868 741 1052 779 incertus
1079 743 1121 778 et
1147 739 1274 778 animi
1293 747 1526 788 suspensus
1543 734 1707 773 auditor
1725 737 1941 786 teneatur,
1970 733 2015 772 in
2032 734 2141 785 epici
2159 736 2353 777 carminis
2370 736 2457 777 ini-

205 816 262 856 tio
289 812 485 855 indicium
512 811 603 851 eius
629 808 712 863 rei,
751 818 871 862 quam
897 809 1151 847 tractaturus
1177 808 1244 847 est
1278 806 1414 858 poeta.
1470 800 1562 852 Qua
1588 811 1635 841 re
1662 811 1781 840 nemo
1808 813 1915 841 unus
1945 799 2069 841 hodie
2097 801 2351 855 reperietur,
2387 804 2458 857 qui

206 893 289 921 non
317 867 472 919 fatuam
498 877 633 917 rideat
669 876 782 915 illam
808 886 834 914 a
865 873 1176 924 Grammaticis,
1205 883 1308 925 quos
1335 872 1413 911 iam
1442 869 1626 909 Wolfius
1654 880 1744 908 eam
1768 868 1818 908 ob
1838 880 2004 909 causam
2022 869 2316 945 reprehendit,
2345 873 2458 912 trae-

206 952 332 987 tatam
351 946 641 999 quaestionem,
661 956 736 984 cur
754 946 877 995 poeta
895 939 1233 994 splendidissimo
1254 940 1371 990 operi
1388 938 1538 978 foedum
1555 941 1598 978 et
1614 937 1840 977 infaustum
1858 948 2007 976 nomen
2024 930 2197 990 μήνιδος
2213 937 2459 992 praefixerit,

207 1011 434 1056 cuiusmodi
460 1010 769 1065 quaestiunculae
795 1021 922 1051 causa
947 1020 999 1050 ea
1025 1009 1069 1048 in
1097 1019 1145 1048 re
1170 1004 1366 1060 ponenda
1392 1004 1579 1059 videtur,
1608 1003 1717 1057 quod
1741 1003 1880 1044 Graeci
1911 1004 2176 1046 Grammatici
2201 1006 2246 1045 in
2273 1006 2461 1046 vocabu-

208 1081 262 1121 lis
294 1083 336 1121 et
368 1078 543 1133 syllabis
576 1078 785 1119 haerentes
813 1087 957 1117 veram
989 1075 1074 1116 vim
1101 1074 1340 1129 argumenti
1369 1072 1583 1115 Homerici
1619 1070 1831 1125 cognitam
1865 1082 1949 1112 non
1987 1071 2218 1114 habuerint.

315 1151 489 1194 ἔννεπε
507 1153 559 1193 ab
579 1144 668 1193 ἐς-πω
694 1152 1010 1206 interpositione
1038 1150 1189 1191 litterae
1206 1164 1227 1189 ν
1246 1148 1489 1203 productum
1516 1158 1615 1188 esse
1633 1146 1922 1187 demonstrare
1949 1150 2123 1188 conatus
2149 1151 2216 1188 est
2233 1148 2459 1197 Buttmann

208 1223 314 1261 Lex.
334 1222 369 1260 Ι.
388 1234 460 1275 pg.
487 1223 581 1274 287,
610 1221 728 1260 cuius
747 1220 965 1260 sententiae
984 1217 1223 1271 praesidium
1240 1218 1375 1257 minus
1393 1218 1508 1256 recte
1534 1215 1646 1267 capit
1664 1225 1719 1255 ex
1739 1213 1886 1254 formis
1904 1207 2098 1262 α’λαλκον,
2124 1206 2262 1268 ὀρέγω.
2305 1215 2460 1258 Melius

210 1297 456 1337 Eustathius
475 1295 529 1335 ad
550 1288 739 1334 ιι.1.ἆπὸ
759 1294 832 1345 τῆς
849 1307 889 1331 εν
908 1292 1144 1344 προθέσεως
1160 1291 1228 1330 καὶ
1245 1291 1319 1330 τοῦ
1336 1287 1418 1333 ἔπω
1439 1290 1707 1369 compositum
1725 1300 1823 1329 esse
1851 1288 2085 1342 contendit,
2116 1300 2289 1342 quocum
2306 1290 2463 1332 faciunt

211 1363 356 1417 Spohn
372 1364 415 1403 in
433 1362 539 1403 libro
559 1360 761 1414 egregio:
790 1360 855 1400 De
874 1362 1062 1399 extrema
1080 1356 1158 1399 Od.
1177 1361 1297 1411 parte
1311 1370 1384 1411 pg.
1402 1360 1456 1398 24
1475 1371 1510 1398 s.
1530 1370 1572 1397 v.
1592 1355 1749 1404 ἐπέπω,
1765 1357 1943 1398 Brunck
1961 1357 2016 1397 ad
2036 1355 2184 1411 Oedip.
2203 1358 2307 1410 Tyr.
2327 1371 2369 1399 v.
2382 1360 2464 1401 3³0

210 1434 253 1471 et
276 1430 483 1471 Thiersch
512 1417 585 1471 Gr.
607 1426 652 1481 S.
669 1429 762 1480 232,
789 1428 858 1480 52,
887 1427 956 1479 qui
974 1437 1077 1466 vero
1103 1426 1147 1466 in
1174 1437 1224 1466 eo
1251 1428 1384 1477 errat,
1414 1423 1522 1477 quod
1541 1424 1717 1464 alterum
1741 1438 1763 1462 ν
1788 1424 1841 1463 ab
1868 1424 2025 1463 omissa
2052 1423 2263 1476 digammo
2289 1425 2465 1466 Aeolica

210 1496 407 1537 deducit.'
433 1494 635 1548 Liquidas
653 1494 783 1546 enim,
810 1492 1063 1532 necessitate
1081 1491 1202 1531 metri
1220 1492 1280 1531 ita
1297 1491 1557 1545 postulante,
1586 1501 1705 1544 quam
1725 1491 1960 1544 saepissime
1978 1491 2189 1544 geminari
2207 1490 2467 1535 demonstrat

210 1566 302 1618 ipse
321 1564 395 1605 Gr.
416 1560 459 1616 S.
483 1564 572 1615 174,
591 1564 632 1614 5,
653 1571 895 1614 quamquam
913 1559 1186 1611 antiquiorem
1203 1558 1450 1611 scripturam
1469 1557 1653 1598 iudicant
1670 1558 1844 1598 Ernesti
1868 1557 1923 1597 ad
1940 1558 1992 1597 11.
2010 1558 2107 1611 XV,
2121 1560 2173 1599 31
2194 1562 2238 1598 et
2254 1559 2466 1600 Ruhnken

211 1632 263 1673 ad
291 1633 345 1673 H.
375 1633 423 1671 in-
446 1630 542 1672 Cer.
574 1631 668 1681 339,
698 1629 736 1668 si
770 1628 909 1668 littera
945 1624 1258 1680 pronunciando
1298 1628 1455 1666 tantum
1495 1624 1742 1679 duplicetur.
1797 1626 2092 1668 Buttmannum
2119 1625 2148 1666 l.
2176 1625 2205 1666 l.
2235 1625 2465 1670 dicentem:

212 1699 275 1745 Ἧι
306 1699 385 1747 bier
412 1698 473 1737 bie
499 1695 750 1746 Ψτᾱροςῑείοιι
775 1693 834 1741 ἐν,
862 1696 902 1744 so
929 1695 1062 1734 sennen
1087 1694 1163 1734 wir
1188 1701 1289 1744 zmat
1316 1692 1375 1733 bie
1400 1692 1736 1745 aeerffingetungen
1762 1689 1839 1739 εῖν,
1868 1689 1944 1739 ἔνι’,
1972 1690 2072 1739 εἰνί,
2100 1693 2160 1734 bie
2186 1694 2251 1743 fiir
2271 1694 2344 1736 alle
2361 1693 2468 1745 ῧᾰίῖε

213 1764 446 1814 binreidmt,
474 1764 548 1803 mit
575 1763 707 1802 sennen
733 1754 924 1807 εἰνάλιος,
950 1753 1143 1807 εἰνόδιος,
1170 1760 1258 1800 aher
1283 1755 1415 1799 ἔννεπε
1443 1759 1534 1809 stein
1561 1760 1719 1801 alteia
1747 1759 1933 1800 refutant
1966 1763 2123 1813 praeter
2149 1758 2466 1824 e'vvoatyacog‚ab

212 1831 433 1871 Eustathio
462 1830 542 1869 iam
569 1840 623 1868 ex
648 1828 697 1868 ΙΙ.
725 1827 846 1881 ΧΙΠ,
878 1829 955 1867 159
975 1826 1339 1883 «ρι-οΙεῐιιιιι,θίίωιι
1365 1824 1557 1881 ἐνναίρειν
1583 1840 1660 1880 pro
1688 1825 1860 1881 ἐναίρειν
1887 1829 2006 1868 Batr.
2034 1831 2140 1884 2663
2167 1827 2322 1870 ἐννεσία
2347 1842 2402 1871 ex
2425 1827 2467 1871 ἐν

213 1902 256 1937 et
281 1896 373 1950 ἵημι
398 1897 448 1937 Il.
475 1897 528 1949 V,
556 1898 656 1950 894,
684 1895 738 1935 H.
768 1896 811 1934 in
840 1894 936 1935 Cer.
963 1896 1040 1948 303
1068 1895 1151 1947 Ap.
1179 1893 1316 1934 Rhod.
1343 1895 1378 1950 I,
1404 1896 1431 1935 7
1455 1898 1497 1935 et
1523 1894 1644 1935 aIiaS.
1700 1895 1892 1936 Alterum
1911 1895 2014 1936 illud
2034 1900 2338 1950 argumentum,
2358 1897 2467 1950 quod

214 1965 267 2005 ad
295 1965 544 2005 sententiam
575 1974 691 2004 suam
717 1962 1038 2003 confirmandam
1065 1962 1220 2014 attulit,
1248 1961 1456 2015 digamma
1483 1962 1545 2003 sic
1571 1962 1616 2002 in
1644 1962 1724 2002 hoc
1749 1965 1908 2002 tantum
1934 1963 2065 2003 verbo
2092 1963 2331 2017 neglectum
2355 1976 2465 2017 esse,

215 2045 337 2085 quum
355 2043 379 2072 e
398 2031 607 2073 contrario
628 2030 827 2085 reliquis,
856 2042 947 2071 cum
967 2030 1097 2070 verbo
1115 2027 1242 2070 εἰπεῖν
1269 2030 1530 2085 compositiS,
1565 2034 1808 2071 constanter
1833 2030 2017 2072 additum
2041 2036 2179 2086 esset,
2219 2033 2296 2073 hoc
2322 2034 2466 2086 parvi,

214 2112 267 2140 ne
295 2100 428 2140 dicam
452 2099 610 2138 nullius
629 2099 822 2139 momenti
849 2110 947 2138 esse
975 2097 1199 2138 ostendunt
1215 2097 1431 2138 Hermann
1448 2097 1502 2136 ad
1521 2097 1577 2137 Η.
1606 2098 1649 2137 in
1669 2097 1776 2138 Ven.
1806 2110 1847 2137 v.
1876 2098 1943 2151 86,
1974 2098 2182 2141 Thiersch
2199 2098 2273 2140 Gr.
2302 2096 2345 2152 S.
2377 2101 2467 2151 158,

217 2170 280 2219 12,
309 2166 488 2218 denique
516 2167 608 2218 ipse
634 2166 678 2204 in
711 2165 784 2206 Gr.
817 2166 910 2204 mai.
938 2165 973 2218 I,
1012 2161 1057 2217 S.
1083 2167 1124 2217 6,
1152 2165 1252 2204 Not.
1280 2167 1320 2205 6.
1374 2165 1505 2204 Docet
1537 2176 1663 2216 porro
1690 2175 1846 2217 magna
1872 2166 2154 2217 exemplorum
2181 2166 2318 2218 copia,
2347 2177 2469 2219 quam

215 2234 418 2287 Spitzner
445 2234 531 2281 (De
550 2244 680 2275 versu
699 2233 864 2274 heroico
891 2245 964 2294 pg.
986 2235 1083 2281 124)
1111 2233 1349 2287 congessit,
1376 2231 1584 2284 praecipue
1611 2232 1655 2272 in
1679 2231 1894 2272 vocabulis
1913 2224 2046 2277 εἷπον,
2072 2228 2168 2277 ἔπος
2185 2231 2396 2285 digamma
2414 2232 2469 2273 il-

215 2300 286 2339 lud
304 2300 423 2340 modo
442 2300 646 2340 adiectum
666 2300 786 2340 modo
812 2300 1007 2339 omissum
1026 2299 1160 2340 fuisse
1178 2299 1365 2353 nihilque
1383 2300 1591 2352 Heynium
1609 2300 1777 2353 egisse,
1808 2312 1930 2352 quum
1948 2300 2177 2340 acerrimus
2203 2299 2470 2353 digammatis

215 2367 413 2407 defensor
440 2367 678 2417 innumeros
706 2367 821 2407 locos
848 2371 1138 2420 repugnantes
1164 2370 1237 2407 aut
1265 2367 1485 2407 temeraria
1511 2367 1735 2406 mutatione
1762 2370 1965 2420 tentaret,
1993 2370 2066 2407 aut
2086 2378 2255 2423 ¹summa
2273 2379 2366 2408 cum
2392 2351 2493 2409 au:

215 2434 335 2475 dacia
366 2437 411 2473 ut
437 2434 604 2486 spurios
631 2432 749 2473 obelo
776 2436 953 2473 notaret.
1007 2433 1153 2474 Nihilo
1185 2435 1324 2488 magis
1357 2433 1505 2474 deinde
1543 2433 1826 2488 satisfaciunt,
1866 2446 1956 2487 quae
1983 2447 2057 2488 pg.
2085 2436 2166 2475 288
2193 2435 2475 2478 Buttmannus

216 2502 385 2553 adiecit,
416 2501 482 2540 his
507 2504 631 2541 utens
657 2500 824 2541 verbis:
853 2500 981 2549 zui-d)
1008 2501 1166 2551 metam
1194 2501 1341 2555 Bmang
1369 2502 1451 2543 miu
1478 2511 1565 2543 mon
1594 2502 1654 2543 bie
1679 2502 1930 2554 φτέῳοῖῑῐίοιι
1956 2500 1999 2542 ἐν
2026 2503 2067 2544 in
2095 2505 2176 2545 bem
2207 2502 2373 2546 ffletbote
2397 2511 2475 2546 nou

218 2568 367 2616 ἐνέπω,
394 2560 549 2619 ἐνοπή
579 2567 773 2608 erilium?
819 2567 896 2606 Vir
928 2566 1074 2606 doctus
1113 2568 1302 2608 concedit
1329 2583 1403 2622 pg.
1430 2571 1511 2609 280
1537 2572 1579 2608 et
1603 2571 1683 2608 287
1709 2567 1836 2607 ἐνέπω
1863 2569 1917 2608 ab
1946 2570 2128 2608 Homero
2158 2570 2371 2610 strictiore
2398 2582 2476 2623 po-

218 2637 302 2677 tius
330 2648 458 2677 sensu
486 2633 766 2675 indicandi
794 2637 836 2675 et
861 2633 1113 2675 narrandi
1141 2638 1386 2689 usurpatum
1410 2636 1566 2689 fuisse,
1596 2637 1657 2677 sic
1675 2646 1835 2688 quoque
1853 2629 1976 2689 ἐνοπή
1998 2636 2280 2689 significatum
2300 2649 2328 2677 a
2346 2638 2476 2678 verbo

219 2705 392 2744 trahens
420 2704 493 2750 (de
530 2715 608 2756 quo
635 2702 735 2742 vide
767 2703 900 2749 infra]
937 2703 1109 2755 primum
1146 2706 1213 2742 est
1248 2703 1569 2757 adhortatio,
1598 2708 1644 2743 ut
1677 2704 1727 2744 11.
1758 2703 1858 2756 XII,
1886 2705 1960 2758 353
2000 2704 2118 2757 XVI,
2145 2706 2252 2759 2463
2281 2704 2475 2758 paulatim

219 2773 374 2824 autem,
403 2769 711 2823 praepositionis
731 2770 775 2809 vi
795 2769 1052 2823 oblitterata,
1080 2770 1250 2813 retinuit
1268 2781 1359 2811 eam
1380 2771 1631 2812 solummodo
1651 2773 1917 2824 potestatem,
1947 2782 2028 2824 qua
2045 2775 2113 2813 est
2141 2784 2328 2824 sonus,
2358 2782 2473 2823 vox,

219 2849 257 2878 e.
290 2850 359 2891 gr.
387 2837 438 2877 ΙΙ.
464 2837 521 2890 Χ,
553 2839 623 2892 ¹33
660 2835 737 2878 od.
766 2836 823 2890 X,
856 2839 957 2892 1473
992 2838 1074 2890 Ap.
1113 2836 1247 2878 Rhod.
1275 2837 1310 2877 Ι.
1337 2841 1404 2879 27.
1459 2841 1518 2880 At
1555 2843 1600 2879 ut
1636 2842 1827 2879 revertar
1854 2850 1880 2879 a
1913 2840 2177 2881 substantivo
2204 2840 2256 2880 ad
2289 2839 2474 2879 verbum.

220 2907 326 2947 Esto
354 2905 484 2958 igitur
522 2905 600 2945 hoc
626 2905 747 2945 nobis
774 2904 936 2959 datum,
967 2905 1020 2945 de
1048 2917 1126 2958 quo
1153 2905 1276 2945 etiam
1303 2911 1528 2961 cognatum
1555 2904 1703 2947 ἔνισπω
1731 2907 1926 2949 dubitari·-
1949 2920 2032 2948 non
2060 2909 2177 2961 sinit,
2206 2908 2474 2960 compositum

222 2984 319 3014 esse
356 2972 433 3015 hoc
473 2972 658 3014 verbum.
723 2973 835 3015 Hinc
861 2974 1103 3015 necessarie
1141 2974 1327 3026 sequitur
1368 2976 1621 3028 primitivam
1654 2976 1746 3016 eius
1778 2976 2121 3028 significationem
2148 2985 2246 3015 esse
2272 2974 2476 3029 dicere,
