2667 3345
2035 0 2141 133 ι,

214 244 301 289 86)
324 238 415 282 ’ἔσκε
439 242 574 282 mutes
605 238 650 277 in
676 232 783 277 ἰ’σπε.
840 235 1035 277 Conferri
1067 219 1262 278 meretur·
1290 236 1369 289 IV,
1410 238 1504 277 247.
1531 257 1587 268 —-
1610 237 1814 280 Praetera
1850 237 1929 279 hoc
1964 247 2130 291 quoque

215 301 519 361 παρήμενον
558 305 729 359 propria
761 291 1071 358 significatione
1097 305 1343 357 usurpatum
1370 314 1480 344 esse.
1533 303 1698 358 Ubique
1733 304 1843 344 enim
1873 308 1958 346 tum
1989 303 2118 361 deos,

214 372 374 415 mensis
415 371 654 413 assidentes
689 373 899 413 Homerus
937 381 993 409 ex
1022 369 1137 409 illius
1169 370 1322 410 aetatis
1337 380 1470 410 »more
1496 368 1620 425 facit;
1666 381 1796 423 quare
1834 371 2078 413 Athenaeus
2111 373 2147 427 Ι,
2161 372 2203 412 ’4

213 439 414 494 inquit,d‘
438 437 482 480 ἐν
508 441 598 486 τοῖς
635 436 889 482 συνδείπνοις
915 434 956 476 οἱ
981 430 1131 490 ἥρωες,
1174 430 1222 476 οὗ
1260 436 1574 477 κατακέκλινται.
1629 436 1760 487 Quem
1808 447 1963 476 morem
1994 440 2117 480 etiam
2148 437 2264 493 apud

216 508 543 547 vetustissimum
576 508 710 545 fuisse
737 505 883 556 colligi
908 507 1047 555 potest
1071 514 1127 543 ex
1151 505 1262 543 Aen.
1291 504 1390 557 VII,
1420 507 1521 544 176:
1550 503 1705 543 soliti
1733 508 1910 555 patres
1936 506 2213 546 considere
2239 510 2415 546 'mensl

215 573 286 614 ubi
325 571 525 614 Servius:
572 571 753 612 maiores
785 564 921 611 nostri
954 567 1155 610 sedentes
1182 569 1469 624 epulabantur.
1498 572 1501 574 ’
1542 568 1664 622 Quod
1698 564 1836 612 autem
1868 569 1976 611 idem
2007 569 2150 612 adiicit
2175 572 2285 616 hunc
2315 583 2474 616 morem

217 652 292 681 eos
323 641 543 693 habuisse,
571 641 681 678 teste
703 638 921 692 Varrone,
948 648 976 677 a
1006 637 1245 678 Laconibus
1280 640 1325 678 et
1352 637 1648 691 Cretensibus,
1675 637 1755 678 hac
1791 638 1835 677 in
1865 648 1912 677 re
1944 638 2082 678 Varro
2119 648 2262 679 errare
2285 640 2486 693 Videtur,

217 711 262 747 ut
292 709 440 747 saltem
470 706 679 745 coniicere
705 704 905 744 debemus
933 716 988 744 ex
1026 705 1247 745 Athenaeo
1270 704 1343 744 lib.
1372 702 1486 756 XII,
1533 702 1667 743 Suida
1699 718 1733 744 s.
1777 717 1820 744 v.
1849 703 2021 744 Φιλίτια
2062 708 2106 744 et
2138 705 2340 748 Cicerone
2365 710 2472 761 (pm

215 774 420 815 Muraena
443 784 479 812 c.
506 772 610 825 35),
640 782 744 825 quos
776 770 891 812 locos
923 770 1099 812 Meursii
1122 771 1347 825 diligentia
1378 770 1422 812 in
1448 770 1736 812 Miscellaneis
1762 771 1985 814 Laconicis
2016 773 2050 827 I,
2082 773 2133 814 10
2160 774 2389 829 congessit,
2415 785 2473 815 ex

217 842 366 895 quibus
393 842 530 894 patet,
537 839 829 880 accumbentes
858 839 1079 879 convivari
1107 839 1255 879 solitos
1282 838 1416 880 fuisse
1445 838 1697 893 Spartanos.
1749 838 1980 895 Virgilius,
2010 844 2057 880 ut
2076 840 2247 899 saepius
2266 841 2328 881 sic
2350 842 2474 882 etiam

218 912 297 952 hac
327 912 370 950 in
403 922 451 951 re
477 910 714 963 neutiquam
743 910 825 950 sibi
854 913 1055 950 constans
1089 909 1225 962 alias,
1271 909 1381 948 Aen.
1411 907 1446 961 I,
1473 910 1541 962 79,
1570 909 1636 948 sui
1670 909 1871 961 temporis
1895 904 2258 963 consuetudinem,
2288 921 2370 963 quo
2401 919 2476 949 ac-

2211 222 2217 229 l
2283 237 2489 292 dunest,

2227 304 2474 348 *honines

218 978 380 1018 cubitus
412 980 505 1016 erat
536 980 750 1030 receptus,
778 975 955 1016 induxit.
1012 976 1171 1017 Confer
1189 974 1477 1015 Wielandium
1497 974 1552 1013 ad
1584 974 1688 1014 Hor.
1719 973 1810 1014 Sat.
1843 975 1876 1027 I,
1904 978 1943 1027 4,
1970 975 2069 1015 Not.
2099 977 2162 1015 11.
2179 973 2307 1015 -οἰ
2330 974 2390 1015 δὲ
2412 972 2473 1028 δὴ

217 1039 386 1084 ἄλλοι.
411 1044 665 1085 Vocabulum
693 1037 846 1083 ἄλλοι
872 1043 925 1084 ad
955 1043 1270 1098 exponendum,
1316 1043 1481 1096 quinam
1520 1027 1582 1082 iili
1615 1041 1719 1094 sint,
1749 1041 1818 1094 qui
1856 1040 1933 1081 sub
1961 1042 2203 1094 pronomine
2235 1039 2286 1082 οἱ
2313 1041 2474 1095 latent,

218 1124 245 1152 a
263 1114 387 1165 poeta
409 1111 467 1151 ita
485 1110 698 1164 adiicitur,
726 1113 772 1151 ut
798 1109 918 1151 modo
945 1110 1059 1164 illi,
1089 1110 1287 1165 ceteri,
1316 1107 1656 1163 quemadmodum
1679 1106 1769 1161 hic,
1798 1107 1917 1147 modo
1945 1107 2063 1160 illi,
2092 1109 2197 1149 alii
2225 1108 2475 1149 vertendum

220 1180 288 1218 sit.
344 1179 473 1222 Cuius
501 1178 564 1218 rei
596 1188 725 1218 causa
761 1187 817 1216 ex
856 1177 992 1229 ipsius
1028 1176 1221 1216 vocabuli
1252 1176 1452 1229 primaria
1496 1180 1707 1230 potestate
1740 1180 1807 1216 est
1842 1175 2099 1216 deducenda.
2155 1175 2206 1216 si
2238 1178 2347 1216 enim
2377 1177 2471 1217 dico

218 1240 398 1293 ἄλλοι,
436 1249 522 1286 tum
562 1244 669 1285 nihil
709 1243 823 1284 aliud
860 1243 996 1303 facio,
1048 1253 1169 1296 quam
1200 1244 1247 1282 ut
1287 1243 1484 1296 quosdam
1530 1243 1719 1283 eiusdem
1761 1244 1939 1298 generis
1983 1243 2243 1298 depromam,
2288 1244 2331 1283 in
2369 1255 2472 1283 sns-

220 1325 350 1367 penso
375 1315 511 1353 autem
543 1311 759 1365 relinquo,
785 1299 944 1351 u‘trum
952 1321 1137 1350 omnes
1165 1309 1339 1364 reliqui,
1372 1321 1425 1352 an
1456 1323 1599 1352 eorum
1625 1312 1812 1367 multi,
1841 1324 1897 1353 an
1930 1312 2092 1366 pauci
2111 1315 2279 1355 tantum
2315 1313 2473 1353 intelli·-

217 1385 387 1436 gantur.
440 1382 498 1423 Ut
524 1381 658 1435 igitur
684 1381 858 1434 primam
893 1379 1244 1434 significationem
1269 1387 1297 1419 a
1329 1380 1480 1421 ceteris
1512 1378 1828 1435 discernerent,
1858 1381 2034 1420 serioris
2065 1380 2218 1420 aetatis
2244 1381 2473 1433 scriptores

216 1448 483 1503 adiecerunt,
525 1447 653 1502 plane
686 1450 733 1487 ut
762 1458 869 1501 nos,
925 1445 1172 1500 articulum,
1215 1444 1255 1486 οἱ
1283 1439 1417 1495 ἄλλοι,
1462 1446 1523 1489 bie
1551 1449 1707 1488 unbem.
1764 1447 1886 1488 Unde
1923 1449 2133 1502 sequitur,
2163 1459 2256 1487 cum
2292 1447 2473 1487 Homero

216 1517 419 1557 articulus
444 1527 496 1556 ea
523 1518 637 1557 certe
660 1518 893 1569 potestate,
923 1525 1043 1568 quam
1072 1518 1220 1569 postea
1252 1515 1434 1569 accepit,
1464 1515 1638 1569 ignotus
1662 1515 1812 1570 fuerit,
1843 1515 1954 1568 apud
1987 1516 2103 1556 illum
2135 1510 2282 1562 ἄλλους
2318 1519 2360 1555 et
2394 1515 2474 1555 ad-

216 1582 302 1622 dito
341 1587 384 1623 et
408 1585 562 1622 omisso
595 1583 771 1623 articulo
809 1593 907 1622 esse
938 1595 1049 1623 nune
1074 1581 1246 1635 alios,
1286 1594 1397 1622 nunc
1423 1585 1671 1635 ceteros,
1713 1587 1785 1622 aut
1823 1583 2023 1635 reliquos.
2077 1582 2171 1623 Hoc
2197 1594 2324 1635 vero,
2366 1583 2475 1635 quod

217 1649 327 1703 dixi,
374 1661 458 1690 non
499 1649 632 1690 solum
660 1650 900 1691 coniectura
926 1650 1087 1706 nititur,
1107 1647 1183 1691 sed
1215 1648 1350 1703 ipsius
1379 1649 1552 1692 Homeri
1583 1650 1843 1691 auctoritate.
1898 1650 1949 1692 In
1977 1650 2109 1692 oculis
2139 1656 2237 1692 sunt
2271 1651 2475 1704 aliquam-

216 1717 358 1771 multi,
397 1729 500 1770 quos
545 1718 645 1758 mihi
682 1718 912 1771 exsignavi
946 1717 1085 1771 locos,
1136 1728 1191 1758 ex
1224 1718 1373 1770 quibus
1408 1718 1605 1760 conferas
1630 1718 1681 1758 Il.
1727 1719 1801 1773 VI,
1831 1721 1904 1773 41,
1947 1719 2024 1773 XI,
2053 1721 2153 1773 524,
2185 1719 2276 1771 XV,
2303 1720 2358 1759 67
2383 1730 2475 1759 cum

218 1784 309 1825 0d.‹
336 1784 369 1837 I,
402 1788 491 1840 128,
519 1788 620 1842 210,
650 1783 767 1841 XIV,
796 1788 902 1842 200,
942 1786 991 1826 ΙΙ.
1020 1785 1184 1825 ΧΧΙΙΙ.
1219 1787 1328 1841 737,
1374 1783 1539 1838 XXIV,
1580 1787 1653 1839 83,
1695 1785 1764 1826 uhi
1799 1789 1842 1825 et
1871 1784 1910 1825 οἱ
1949 1780 2067 1825 ἄλλοι
2093 1789 2136 1826 et
2169 1779 2287 1825 ἄλλοι
2328 1789 2475 1838 aperte

218 1856 316 1892 sunt
338 1854 452 1906 alii,
473 1857 516 1892 et
539 1853 616 1894 Od.
648 1852 691 1906 I,
716 1856 816 1906 157,
844 1854 895 1892 11.
918 1854 1033 1906 MV,
1053 1855 1154 1906 368,
1182 1852 1275 1906 XV,
1298 1854 1398 1907 134,
1426 1851 1567 1905 XVII,
1587 1854 1687 1906 280,
1718 1852 1858 1905 XXII,
1877 1855 1978 1906 380,
2009 1851 2173 1906 XXIII,
2193 1855 2293 1906 241,
2315 1848 2474 1905 XXIV,

217 1921 311 1972 456,
340 1921 420 1960 497
447 1932 538 1960 cum
567 1918 644 1961 Od.
675 1917 708 1973 I,
742 1921 837 1974 132,
869 1919 990 1974 VIII,
1018 1921 1122 1974 352,
1153 1919 1269 1972 XIX,
1289 1921 1397 1974 247,
1423 1917 1473 1959 Il.
1508 1919 1543 1973 Ι,
1576 1921 1677 1973 498,
1709 1918 1766 1973 ΙΙ,
1798 1921 1845 1973 1,
1873 1918 1930 1973 Χ,
1955 1920 2006 1973 1,
2036 1917 2177 1972 XVII,
2210 1919 2320 1973 335,
2361 1918 2475 1971 XX,

220 1989 320 2041 1843
350 1987 467 2040 XXI,
488 1990 591 2041 606,
622 1985 763 2042 ΧΧΠ,
791 1989 857 2039 54,
881 1989 972 2040 181,
990 1989 1083 2040 237,
1102 1989 1210 2040 366,
1240 1986 1405 2039 XXIII,
1432 1987 1536 2040 236,
1567 1984 1726 2039 XXIV,
1755 1989 1835 2041 98,
1878 1986 2027 2039 quibus
2065 1978 2254 2026 omnibus
2290 1987 2334 2025 in
2369 1986 2476 2026 locis

217 2055 362 2107 procul
396 2056 505 2094 omni
542 2055 799 2094 dubitatione
826 2049 942 2093 ἄλλοι
970 2058 1013 2094 et
1045 2053 1087 2094 οἱ
1112 2049 1229 2093 ἄλλοι
1259 2064 1352 2093 eam
1379 2052 1531 2092 habent
1559 2052 1936 2106 significationem,
1965 2056 2011 2092 ut
2037 2053 2282 2094 Latinorum
2311 2054 2476 2093 ceteri

216 2124 289 2162 aut
314 2120 535 2174 reliqui
563 2121 812 2174 exprimant.
866 2119 1111 2161 Zenodotus
1131 2121 1318 2162 virorum
1337 2117 1535 2172 omnium,
1564 2118 1634 2172 qui
1661 2130 1861 2172 umquam
1875 2118 2126 2160 illustrando
2155 2123 2196 2160 et
2215 2118 2468 2173 corrigendo

215 2188 399 2230 Homero
430 2189 724 2242 incubuerunt,
761 2188 885 2229 facile
920 2188 1237 2239 audacissimus,
1251 2188 1361 2231 hanc
1396 2189 1599 2230 sermonis
1626 2189 1839 2232 Homerici
1866 2191 2163 2243 proprietatem
2199 2201 2282 2229 non
2309 2190 2469 2228 intelli-

215 2266 342 2308 gens,
354 2256 576 2296 temerarie
603 2267 658 2296 ex
694 2255 761 2296 sui
790 2256 990 2310 temporis
1025 2255 1327 2298 consuetudine
1363 2251 1528 2303 ἄλλοι,
1560 2256 1794 2310 ubicunque
1828 2256 1932 2297 haec
1968 2269 2053 2297 vox
2092 2260 2159 2296 est
2188 2256 2393 2311 ceteri,
2423 2257 2467 2295 in

215 2315 394 2369 ὧλλοι,
421 2333 542 2373 quam
578 2322 774 2376 formam,
803 2326 848 2363 ut
866 2326 1007 2364 notum
1045 2326 1138 2377 est,
1164 2323 1375 2365 Homerus
1406 2324 1529 2377 plane
1557 2327 1625 2365 est
1650 2328 1927 2378 aspernatus,
1973 2324 2211 2366 mutandum
2239 2335 2335 2364 esse
2363 2335 2466 2364 cen-

214 2392 312 2432 suit.
366 2391 473 2432 Vide
506 2390 654 2432 Wolfii
680 2391 886 2445 Prolegg.
913 2393 1005 2433 207.

321 2458 374 2500 V.
400 2460 466 2500 28.
510 2460 651 2500 τοῖσι
678 2458 704 2498 ὃ
712 2457 743 2500 ε’.
794 2459 1056 2513 Interpretes
1082 2459 1136 2501 de
1160 2460 1238 2502 hac
1263 2458 1439 2501 formula
1464 2469 1720 2512 magnopere
1748 2459 1966 2513 ambigunt
1991 2459 2196 2514 nihilque,
2226 2458 2335 2513 quod
2363 2468 2468 2512 pro-

215 2526 309 2565 bari
348 2527 503 2579 possit,
545 2527 823 2579 protulerunt.
875 2528 1007 2581 Fugit
1042 2528 1152 2567 enim
1188 2528 1285 2567 illos
1312 2529 1421 2567 τοῖσι
1460 2537 1544 2566 ιιοιι
1581 2526 1732 2578 ubique
1769 2526 1823 2565 ad
1862 2527 2036 2566 eandem
2073 2528 2280 2578 originem
2312 2526 2468 2565 referri

216 2592 391 2647 debere,
418 2592 493 2633 sed
525 2592 788 2635 descendere
810 2594 929 2634 modo
956 2594 1009 2634 ah
1037 2591 1166 2641 οἵδε,
1192 2592 1312 2635 modo
1345 2594 1398 2634 ab
1432 2585 1573 2640 τάδε,
1600 2592 1710 2632 unde
1746 2604 1907 2645 quoque
1934 2592 2090 2645 duplex
2118 2593 2258 2646 prodit
2295 2593 2468 2647 signifi-

216 2660 336 2699 catio.
390 2659 539 2701 Altera
569 2663 635 2700 est
665 2672 742 2715 ea,
777 2660 847 2701 uhi
873 2664 946 2701 aut
971 2661 1105 2701 inter
1133 2660 1259 2701 illos
1292 2663 1380 2715 est,
1415 2664 1459 2701 ut
1484 2660 1541 2715 II,
1573 2662 1674 2715 157,
1716 2660 1773 2714 Χ,
1810 2662 1914 2715 224,
1960 2661 2010 2702 11.
2038 2661 2117 2717 111,
2146 2651 2217 2718 96,
2242 2665 2338 2719 275,
2364 2666 2465 2719 303,

214 2726 310 2780 VII,
340 2729 433 2780 136,
457 2729 561 2783 354,
604 2727 767 2782 XXIV,
795 2730 895 2770 103:
950 2732 1023 2769 aut
1062 2727 1204 2784 illis,
1242 2731 1288 2769 ut
1314 2726 1365 2769 Il.
1393 2727 1428 2780 I,
1455 2728 1530 2781 58,
1570 2726 1627 2781 Π,
1655 2728 1747 2780 453,
1775 2728 1868 2781 565,
1896 2729 1990 2780 568,
2018 2730 2113 2783 652,
2139 2732 2235 2784 680,
2263 2733 2361 2786 733,
2390 2731 2464 2785 IV,

214 2795 307 2835 270.
362 2792 569 2848 Compara
594 2793 852 2848 singularem
887 2795 960 2847 τῷ
981 2793 1035 2835 δέ
1065 2795 1115 2836 Il.
1143 2795 1205 2851 V,
1233 2797 1335 2850 283,
1363 2794 1488 2850 VIII,
1516 2798 1621 2850 440,
1648 2797 1728 2836 443
1754 2799 1878 2849 atque
1906 2796 2108 2838 feminina
2134 2798 2194 2853 τῇ
2220 2798 2298 2851 δέ,
2325 2799 2375 2837 Il.
2404 2799 2462 2852 V,

214 2863 296 2902 346
322 2863 364 2901 et
387 2861 500 2914 τῇσι
525 2859 600 2908 δέ,
633 2862 684 2902 Il.
711 2862 786 2916 IV,
812 2863 913 2917 721,
941 2862 1059 2915 VIII,
1087 2864 1190 2918 433,
1219 2862 1384 2918 XXIV,
1409 2866 1503 2917 723,
1529 2866 1637 2919 761,
1679 2864 1832 2917 Hymn.
1860 2866 1904 2906 in
1932 2865 2030 2907 Cer.
2058 2868 2150 2907 438.
2204 2866 2353 2906 Altera
2383 2877 2463 2918 po-

215 2931 348 2968 testas
373 2927 425 2968 ab
461 2926 541 2970 hac
564 2927 690 2969 valde
716 2927 870 2970 differt.
923 2929 1136 2984 Namque,
1151 2931 1401 2985 significans
1426 2929 1589 2981 ἔπειτα,
1613 2924 1730 2986 τότε,
1775 2932 1989 2989 deinde,
2037 2938 2137 2974 tum
2143 2932 2340 2991 ,orationi
2358 2944 2465 2974 con-

215 2994 439 3039 tinuandae
466 2997 660 3040 inservit.
713 2999 934 3053 Respicias
961 2998 1016 3040 ad
1041 2999 1094 3053 V,
1121 3000 1225 3055 202,
1263 2999 1360 3056 VII,
1386 3003 1454 3055 47,
1483 3003 1584 3056 185,
1620 3001 1744 3055 XIII,
1771 3003 1874 3056 374,
1915 3001 2051 3053 XVH,
2082 3002 2181 3054 184,
2214 3000 2338 3055 XIX,
2370 3002 2462 3054 103,
