3599 3741
589 366 686 409 v,
708 364 826 410 ιω.
846 359 985 416 Um
1002 361 1114 400 erat·
1125 341 1597 414 herema-poribus
1620 364 1857 416 receptum,
1895 365 1943 403 ut
1976 363 2123 406 vinum
2145 359 2271 417 aqua
2287 356 2543 406 theoren
2543 366 2601 404 et
2625 365 2800 418 unp-⁶

525 434 701 487 mua.
708 428 876 481 ,θυι
894 426 1117 471 mixturam
1140 437 1236 469 cum
1265 427 1312 467 in
1339 429 1542 482 cratera,
1556 431 1831 481 pauperiores
1856 441 1963 472 vero
1988 431 2034 471 in
2060 431 2257 485 κισσυβίῳ
2281 430 2393 480 (od.
2408 429 2539 485 XIV,
2564 432 2643 485 ⁷83
2669 427 2799 490 m

525 500 608 546 73)
621 495 993 549 mposnissent,
1011 492 1121 539 inde
1142 492 1306 546 poculis
1329 491 1596 544 (κυπέλλοις,
1621 492 1810 544 δέπασιν,
1848 495 1960 551 apud
1983 501 2188 551 agrestes
2213 491 2355 553 σκύφῳ
2383 497 2530 552 [XIV,·
2557 498 2711 552 1121),
2733 496 2793 539 ad

523 574 632 617 quos
657 562 714 604 id
727 574 878 608 munus
903 560 1167 615 pertinebat,
1198 560 1328 600 trulla
1359 561 1559 616 quadam,
1587 572 1708 614 quam
1743 564 1959 604 Hesiodus
1993 564 2104 617 (Op.
2131 567 2244 612 689)
2269 559 2455 619 οἰνοχόην
2479 563 2697 618 appellat,
2723 563 2794 604 in-

522 629 779 683 fundebant,
826 639 906 682 quo
941 636 1130 676 munere
1147 626 1261 679 apud
1291 626 1519 671 Homerum
1552 628 1686 681 vulgo
1721 642 1909 682 κηρυκες,
1942 629 2056 687 unde
2084 631 2210 671 etiam
2245 625 2444 680 οἰνοχόοι,
2483 629 2790 685 fungebantur.

523 698 731 751 Qus
757 697 848 751 iis,
869 695 943 748 qni
975 697 1048 734 aut
1068 705 1274 739 summam
1299 694 1518 748 tenebant,
1546 698 1621 737 aut
1648 695 1793 738 horum
1819 698 1964 750 gratia
1991 697 2216 752 florebant,
2255 699 2410 739 ceteris
2440 697 2642 740 convivis
2664 696 2794 749 nihil,

523 765 610 809 nisi
634 768 754 806 certa
778 763 886 818 νιιιι·
885 762 1056 814 portio,
1081 753 1312 814 (δαιτρόν)
1338 762 1641 814 praebebatur,
1669 763 1733 802 id
1730 765 1854 816 quod
1886 764 2096 805 docebunt
2119 765 2171 805 Il.
2198 765 2274 818 IV,
2300 766 2380 805 261
2409 776 2515 817 ειη,
2540 766 2651 816 ³4⁸³
2674 762 2795 816 vm,

527 834 626 888 1623
653 831 768 885 XII,
782 831 877 870 310.
932 827 1141 878 Quantam
1163 839 1313 880 aquam
1340 829 1441 870 vino
1467 829 1786 885 admiscuerunt,
1815 832 1859 871 in
1886 833 2046 873 incerto
2073 837 2152 873 est.
2207 833 2363 886 Liquet
2388 833 2501 872 enim
2518 843 2572 871 ex
2590 832 2796 884 1Χ,’Μ,

524 898 597 940 nbi
622 898 825 951 Ulysses,
851 894 904 936 de
922 894 1024 934 vino
1042 893 1219 947 quodam
1244 895 1398 947 optimo
1425 894 1616 948 loquens,
1643 896 1716 936 uni
1742 896 1836 937 eius
1862 898 2010 950 poculo
2038 898 2128 939 XX
2155 898 2306 951 pocula
2322 909 2459 952 aquae
2481 896 2675 938 addenda
2691 906 2793 939 esse

517 967 725 1019 -nffimat,
768 964 875 1003 nihil
911 974 989 1015 pro
1025 965 1149 1005 certo
1182 962 1330 1015 colligi
1365 973 1506 1014 posse.
1552 964 1655 1003 >Hoc
1684 967 1823 1004 autem
1848 969 2039 1018 constat,
2074 967 2279 1006 meracius
2318 958 2610 1019 (ζωρότερον)
2648 966 2794 1004 vinu

523 1041 819 1084 nonnunquam
836 1029 971 1076 fuisse
996 1028 1254 1083 appositum,
1282 1027 1406 1075 verbi
1432 1029 1598 1082 gratia,
1626 1041 1718 1071 cum
1744 1032 1920 1073 amicum
1946 1031 2210 1084 hospitaliter
2235 1032 2347 1085 apud
2371 1043 2421 1073 se
2444 1032 2705 1085 exciperent.
2739 1029 2793 1071 V.

524 1098 575 1139 Il.
602 1098 683 1152 IX,
719 1098 839 1138 203.-
867 1096 938 1136 Ex
971 1098 1056 1148 'quo
1094 1095 1368 1160 probabiliter
1395 1096 1543 1138 confici
1577 1099 1736 1169 potest,
1764 1099 1969 1152 provini
2002 1099 2187 1139 bonitate
2232 1102 2274 1139 et
2311 1099 2539 1140 bibentium
2573 1098 2797 1138 voluntate

517 1166 749 1207 mixturam
781 1163 989 1204 variasse.
1043 1163 1153 1203 Vino
1185 1174 1306 1207 mero
1336 1156 1581 1219 (ακράτφ),
1616 1165 1702 1206 nisi
1737 1166 1782 1206 in
1819 1166 2087 1207 libationibus
2125 1167 2202 1213 (Π.
2228 1167 2295 1220 Π,
2331 1169 2436 1221 341,
2476 1167 2557 1220 ῙΠ,
2583 1165 2794 1220 296;·Ν,

529 1235 632 1287 159,
660 1231 780 1285 XVI,
806 1232 920 1278 239)
947 1233 991 1272 et
1021 1231 1308 1284 parentalibus
1335 1231 1537 1286 (XXIV,
1564 1233 1641 1286 ⁷83
1668 1232 1719 1274 11.
1747 1233 1915 1289 XXIII,
1942 1235 2074 1289 219),
2107 1235 2271 1276 omnino
2297 1235 2577 1277 abstinebant.

633 1300 685 1340 V.
716 1302 806 1340 115
852 1298 967 1340 Vidit
993 1299 1262 1351 Nitzschins,
1291 1300 1427 1354 viam,
1464 1303 1511 1340 ut
1545 1299 1743 1354 videtur,
1784 1305 2050 1343 monstrante
2079 1300 2302 1356 Ernestio,
2342 1303 2387 1342 in
2420 1302 2544 1342 huius
2572 1301 2654 1343 loci
2689 1311 2795 1342 oon-
2864 1340 2866 1345 Α

528 1368 758 1409 structione
781 1370 924 1408 notum
950 1366 1056 1407 illud
1093 1360 1369 1413 ἀντιπτόσοως
1405 1378 1570 1420 genus,
1604 1367 1682 1407 ubi
1713 1369 1981 1410 accusativus
2014 1369 2149 1423 priori
2185 1369 2317 1410 verbo
2350 1370 2561 1422 iungitur,
2599 1379 2677 1421 pro
2714 1379 2795 1421 quo

528 1436 724 1477 usitatius
749 1436 795 1475 in
819 1435 1016 1488 sequenti
1042 1434 1335 1475 enunciatione
1360 1433 1549 1475 eiusdem
1580 1433 1775 1474 vocabuli
1801 1435 2081 1476 nominativus
2113 1435 2377 1489 exprimitur.
2444 1433 2579 1485 Quam
2610 1436 2797 1475 structu-

529 1514 619 1543 ram
645 1505 689 1543 et
722 1501 833 1556 apud
866 1501 1055 1543 Graecos
1083 1504 1126 1541 et
1169 1501 1281 1555 apud
1320 1502 1498 1543 Latinos
1524 1501 1863 1556 usitatissimam,
1891 1504 2059 1555 praeter
2094 1512 2211 1555 eos,
2232 1511 2337 1556 quos
2367 1500 2619 1542 Nitzschius
2647 1499 2797 1541 lauda-

530 1571 614 1623 vit,
641 1572 858 1622 exponunt
887 1569 1143 1621 Bernhardy
1169 1568 1295 1621 synt.
1323 1581 1398 1622 pg.
1426 1571 1530 1622 466,
1558 1568 1755 1609 Vechner
1781 1568 1950 1610 Hellen.
1979 1580 2052 1622 pg.
2079 1570 2162 1608 262
2187 1569 2327 1622 ibique
2352 1568 2602 1621 Heusinger
2616 1596 2629 1621 ,
2670 1567 2797 1608 Peri-

530 1639 681 1678 zonius
716 1637 770 1677 ad
804 1636 950 1678 Sanct.
989 1637 1092 1677 Min.
1133 1637 1190 1690 H,
1232 1639 1273 1690 5,
1311 1638 1352 1690 5,
1392 1638 1463 1690 qui
1496 1639 1635 1677 autem
1670 1635 1782 1676 haud
1810 1635 2027 1689 probabile
2061 1635 2348 1676 accusativum
2382 1646 2461 1688 pro
2497 1644 2615 1675 more
2642 1645 2720 1676 suo
2746 1632 2799 1674 ad

530 1705 699 1759 ellipsin
735 1704 1033 1758 particularum
1068 1703 1206 1757 quod
1248 1703 1314 1744 ad
1348 1704 1493 1744 refert.
1547 1703 1752 1758 Equidem
1788 1714 1895 1744 vero
1935 1703 2042 1744 hanc
2077 1703 2330 1744 sententiam
2368 1702 2456 1743 illis
2497 1702 2797 1754 locutionibus,

532 1785 705 1826 quarum
735 1772 856 1812 modo
882 1773 1133 1812 mentionem
1169 1772 1371 1825 fecimus,
1406 1784 1492 1811 non
1523 1772 1901 1811 annumeraverim.
1956 1770 2216 1811 Necessarie
2252 1771 2383 1823 enim,
2427 1771 2465 1810 si
2499 1770 2598 1822 quid
2634 1770 2797 1823 iudico,

532 1840 801 1884 accusativus
819 1840 953 1881 verbo
979 1831 1221 1891 ὀσσόμενος,
1241 1852 1319 1893 pro
1349 1851 1401 1880 ea
1429 1838 1759 1893 significatione,
1790 1849 1911 1892 quam
1938 1835 2044 1878 illud
2068 1837 2137 1879 hic
2164 1837 2309 1892 habet,
2335 1836 2505 1878 additus
2532 1840 2611 1878 est.
2666 1838 2797 1889 Nam,

533 1909 583 1950 si·
599 1902 676 1963 pro
703 1905 771 1963 eo,
802 1907 911 1963 quod
948 1920 1060 1949 nunc
1086 1905 1228 1962 legis,
1253 1907 1462 1948 Homerus
1486 1907 1731 1961 scripsisset
1770 1899 1990 1957 ὅσσομενος
2015 1903 2075 1946 ἐνὶ
2102 1903 2264 1959 φρεσίν,
2289 1900 2459 1946 ε’ἰποθεν
2486 1899 2619 1958 πατὴρ
2646 1899 2799 1952 ἐσθλὸς

533 1971 672 2017 ἐλθών
703 1991 739 2014 κ.
766 1990 803 2015 τ.
833 1975 880 2023 λ.,
906 1975 998 2015 fieri
1025 1976 1191 2015 omnino
1218 1977 1387 2029 posset,
1415 1970 1461 2015 ut
1478 1974 1644 2026 [aliquis
1670 1975 1803 2015 locum
1829 1974 1937 2014 male
1967 1974 2190 2026 acciperet.
2245 1973 2372 2014 Nunc
2402 1984 2507 2013 vero
2540 1984 2696 2014 sensus
2733 1977 2801 2013 est

534 2045 709 2095 apertus
728 2045 771 2082 et
789 2041 1008 2082 indubius:
1037 2040 1109 2082 Ob
1136 2041 1322 2082 oculos
1349 2042 1661 2095 animosque
1687 2041 1882 2082 habens
1909 2045 2131 2096 patrem,
2160 2040 2545 2091 num-alicunde
2564 2041 2801 2082 veniens

535 2120 718 2162 procos
744 2108 978 2162 fugaret.
1033 2102 1136 2148 κατὰ
1162 2108 1255 2148 νοῦν
1282 2102 1406 2148 αὐτὸν
1437 2108 1599 2160 βλέπων
1636 2109 1701 2149 καὶ
1726 2101 2175 2159 ἆνειδωλοποιούμενος.
2202 2121 2208 2126 ·
2230 2108 2301 2149 Ad
2329 2109 2440 2149 hanc
2456 2107 2701 2161 explicandi
2727 2119 2801 2148 ra-

535 2176 690 2216 tionem
714 2176 998 2229 maximopere
1024 2175 1207 2216 invitant
1234 2178 1276 2216 et
1293 2175 1417 2231 verbi
1444 2170 1645 2217 ὄσσεσθαι
1667 2179 1873 2230 potestas,
1902 2186 2025 2230 quam
2050 2176 2332 2217 Buttmannus
2350 2176 2458 2216 Lex.
2485 2176 2522 2229 I,
2549 2177 2618 2229 22,
2645 2176 2673 2217 3
2699 2174 2805 2215 ube-

537 2242 628 2282 rius
654 2243 871 2298 exposuit,
900 2244 944 2283 et
969 2242 1042 2282 ille
1067 2242 1161 2296 ipse
1188 2241 1306 2282 locus
1334 2241 1466 2297 (XX,
1493 2244 1626 2298 224),
1662 2254 1779 2298 quem
1809 2242 2060 2284 Nitzschius
2096 2242 2294 2298 protulit,
2324 2244 2588 2296 comparatus
2621 2254 2713 2283 cum
2737 2241 2801 2297 Π,

537 2310 615 2363 353
643 2309 761 2362 XIV,
788 2311 882 2350 219.
939 2309 1135 2351 Ceterum
1170 2310 1275 2350 mire
1301 2313 1418 2350 errat
1444 2310 1718 2353 Thierschius
1752 2309 1824 2366 (S.
1850 2314 1946 2365 328,
1972 2314 2031 2359 3)
2065 2314 2255 2352 nostrum
2286 2312 2420 2353 locum
2460 2315 2504 2352 et
2529 2311 2579 2351 11.
2604 2311 2686 2365 IX,
2721 2312 2804 2352 380

538 2377 583 2417 ιιι
615 2388 759 2417 eorum
785 2390 969 2418 numero>
986 2389 1170 2433 ponens,
1200 2379 1270 2418 ubi
1298 2375 1578 2420 coniunctioni
1604 2377 1643 2419 εἰ
1670 2379 1924 2420 indicativus
1952 2379 2118 2419 iunctus
2148 2378 2216 2419 sit.

645 2444 698 2484 V.
728 2446 818 2485 116.
861 2446 1098 2490 Articulum
1132 2446 1201 2487 hic
1227 2447 1343 2501 legis
1368 2447 1584 2500 additum,
1613 2447 1684 2487 ubi
1719 2447 1900 2486 forsitan
1927 2458 2011 2486 non
2040 2440 2247 2499 requiris,
2275 2449 2414 2486 tamen
2446 2458 2531 2486 non
2558 2449 2625 2485 est
2651 2455 2805 2498 super-

540 2520 725 2564 vacuus,
753 2511 830 2552 sed
861 2513 1101 2565 primariam
1129 2514 1216 2554 vim
1253 2515 1442 2555 retinens
1470 2514 1662 2555 converti
1694 2513 1821 2555 debet
1838 2517 1924 2555 aut
1959 2514 2195 2568 illorum,
2232 2513 2329 2566 autf,
2366 2513 2474 2566 quod
2504 2513 2669 2567 malim,
2711 2524 2805 2554 enm

541 2580 653 2618 motu
689 2580 733 2618 et
763 2578 1119 2622 demonstratione
1155 2591 1302 2622 manus
1338 2574 1644 2635 intelligendus
1678 2583 1766 2634 est,
1788 2570 1869 2621 ‘ita
1899 2583 1945 2621 ut
1973 2581 2029 2621 sit
2051 2581 2169 2635 ·hic,
2210 2580 2343 2633 illic,
2378 2583 2424 2620 ut
2454 2579 2504 2619 Il.
2530 2579 2567 2634 I,
2592 2580 2678 2621 340
2700 2574 2806 2633 πρὸς

542 2644 618 2685 τοῦ
643 2644 859 2699 βασιλῆος,
886 2647 944 2689 bei
963 2649 1052 2689 ‘bem
1078 2647 1231 2701 Ronige
1258 2650 1397 2701 bott3
1425 2641 1475 2688 Il.
1503 2648 1538 2701 I,
1566 2650 1622 2690 20
1647 2640 1698 2689 τά
1725 2647 1761 2687 τ’
1789 2640 1939 2688 ἄποινα
1957 2645 2167 2697 δέχεσθαι,
2194 2649 2270 2688 nub
2290 2649 2364 2687 bae
2384 2646 2555 2699 sssssegclb
2584 2646 2694 2697 bier
2718 2646 2810 2698 αἱ).

544 2715 644 2765 utet3
671 2714 791 2752 ποῖον
822 2708 894 2753 τὸν
926 2713 1065 2764 μῦθον
1091 2710 1244 2762 ἔειπες,
1279 2714 1436 2764 melche&
1464 2713 1586 2756 §mort
1612 2715 1691 2767 bost
1717 2719 1768 2756 bu
1797 2720 1857 2756 ba
1891 2715 2060 2768 gerebet!
2102 2714 2551 2767 Apprimesolemnis,
2589 2718 2637 2754 ut
2670 2716 2811 2756 omni-

545 2778 625 2821 bus
650 2783 840 2834 constat,
868 2780 974 2823 haec
1000 2774 1254 2836 significatio
1281 2783 1347 2822 est
1377 2782 1422 2822 in
1454 2783 1699 2834 pronomine
1726 2778 1831 2833 ὅδε,
1863 2788 1908 2825 ut
1944 2785 2009 2838 76,
2040 2784 2133 2836 1853
2164 2782 2238 2834 IV,
2265 2784 2342 2836 263
2371 2782 2447 2836 VI,
2474 2784 2578 2838 206,
2614 2783 2674 2838 X,
2702 2785 2806 2839 2825

546 2847 709 2903 XXIV,
735 2849 831 2903 321,
856 2848 962 2904 3313
990 2849 1041 2890 Il.
1067 2850 1147 2905 111,
1178 2851 1268 2903 192,
1294 2850 1394 2905 3003
1422 2849 1475 2904 V,
1506 2851 1599 2906 175,
1617 2852 1712 2905 215,
1735 2851 1841 2906 261,
1868 2851 2020 2913 Hymn.
2048 2850 2093 2890 in
2119 2849 2248 2891 Merc.
2276 2850 2371 2905 332,
2388 2851 2484 2906 336,
2503 2852 2612 2907 348,
2640 2852 2683 2893 ιιι
2700 2852 2807 2893 Ven.

547 2918 616 2969 98,
635 2917 730 2970 259,
749 2919 850 2971 2863
871 2917 927 2958 H.
953 2916 1050 2971 VII,
1072 2920 1136 2958 17.
1192 2917 1334 2969 Quare
1360 2918 1483 2959 etiam
1507 2912 1639 2973 ἡμέρη
1665 2914 1738 2970 ἥδε
1763 2919 1844 2965 (Il.
1864 2919 1983 2971 XIII,
2002 2919 2104 2971 8²83
2134 2915 2212 2958 od.
2237 2917 2402 2973 XXIV,
2429 2920 2543 2966 514)
2570 2918 2810 2976 est›hodi-

550 2986 716 3027 ernus
743 2981 862 3025 dies
888 2986 930 3024 et
955 2976 1084 3037 ἤματι
1110 2983 1214 3037 τῷδε
1232 2983 1316 3032 (Π.
1344 2985 1423 3039 XI,
1451 2983 1552 3039 4443
1579 2985 1704 3041 XIX,
1730 2988 1830 3041 1103
1858 2985 1978 3039 XXI,
2005 2986 2113 3032 584)
2139 2984 2167 3025 i.
2196 2995 2236 3039 q.
2264 2977 2452 3040 σήμερον.
2498 2986 2597 3027 Alia
2615 2985 2810 3041 exempla

551 3050 679 3104 plena
700 3062 825 3091 manu
855 3052 1060 3092 dederuut
1085 3053 1267 3094 Passow
1295 3067 1330 3094 s.
1358 3066 1401 3094 v.
1430 3056 1472 3093 et
1500 3053 1708 3096 Thiersch
1735 3053 1809 3094 Gr.
1838 3050 1881 3106 S.
1908 3054 2009 3105 284,
2041 3053 2088 3090 11
2102 3080 2115 3105 ,
2145 3052 2296 3111 quibus
2316 3053 2426 3093 adde
2454 3052 2647 3095 Schaefer
2667 3053 2813 3096 Melet.

552 3118 644 3160 crit.
665 3131 705 3172 p.
725 3120 798 3172 78,
826 3130 853 3160 a
871 3131 950 3174 quo
969 3131 1024 3160 ex
1042 3120 1139 3162 aliis
1157 3121 1432 3175 scriptoribus
1451 3120 1579 3162 multa
1607 3126 1705 3165 sunt
1732 3121 1924 3163 excitata.
1979 3119 2214 3175 Interdum,
2244 3120 2320 3162 sed
2344 3121 2472 3162 multo
2500 3122 2643 3163 rarius
2667 3122 2816 3165 eadem

520 3203 523 3208 .
2368 3185 2439 3230 4*
