2667 3345
476 23 478 25 ’
534 0 626 113 ἶ
1316 1 1416 102 (19.

245 174 341 215 dum
397 174 447 227 t,
473 168 484 199 Γ
519 170 650 215 ostris
675 167 928 212 coniecturis
954 169 999 209 et
1035 167 1411 222 computationibus
1445 167 1643 216 constitui
1676 168 1838 222 nequit.
1887 167 2091 213 omnibns
2120 165 2232 210 enim
2257 163 2506 207 locist-ter

242 253 291 281 se
318 251 368 282 co
405 228 419 241 ”
513 242 558 282 et
587 223 831 292 pensitatis,
858 235 990 289 liquet
1015 238 1176 276 tantum
1202 236 1320 278 illius
1354 238 1507 278 aetatis
1533 248 1711 290 annum,
1744 236 1789 275 in
1825 236 2073 279 universnm
2100 236 2156 278 ad
2182 245 2345 277 annuas
2370 232 2505 274 vicis-
2567 239 2568 242 ’

241 293 458 385 εἰωᾶἷιι,
493 306 546 348 ab
571 299 834 357 hominibus,
880 302 951 356 qui
975 303 1020 343 in
1064 302 1214 354 primis
1245 303 1510 357 Astrologiae
1550 302 1798 344 rudimentis
1838 300 2076 353 haerebant,
2103 302 2394 352 constitutum,
2429 298 2508 338 vix

228 372 320 428 vii
384 361 386 364 ¹
444 373 587 414 decem
625 381 821 424 menses,
864 381 969 424 quos
1005 367 1129 410 hodie
1164 369 1385 425 novimus,
1429 369 1692 423 complexum
1727 379 1842 410 esse.
1894 366 1986 418 Qua
2021 365 2075 407 de
2112 378 2161 408 re
2195 378 2309 407 nune
2344 364 2510 418 quidem

188 419 254 488 f
327 453 384 482 ne
410 442 552 481 certus
580 451 673 478 sum
693 438 946 491 sententiae,
974 437 1224 490 praesertim
1251 435 1332 478 od.
1359 437 1439 489 XI,
1465 438 1572 489 2483
1599 436 1705 476 Hes.
1733 434 1813 475 Th.
1839 436 1909 486 58,
1939 434 2037 486 1843
2068 431 2226 483 Hymn.
2244 432 2296 472 >in
2319 431 2403 483 Ap.
2429 431 2511 471 350

242 506 496 560 comparatis
523 517 617 546 cum
647 503 805 556 Hymn.
833 503 879 544 in
905 503 1035 543 Mero.
1067 505 1133 542 11.

172 564 174 566 ’
348 572 402 613 V.
432 573 497 613 18.
525 570 802 623 Nitzschius,
829 581 967 622 neque
994 569 1285 621 Passowium,
1324 580 1445 621 quem
1478 569 1642 622 laudat,
1670 579 1807 620 neque
1834 568 1974 620 locos,
2002 577 2108 617 quos
2134 566 2227 617 ipse
2261 563 2512 615 adseri-psit,

244 638 477 694 diligenter
513 637 760 692 inspexisse
803 635 994 691 videtur3
1060 635 1139 678 hoc
1180 636 1292 677 enim
1337 636 1376 676 si
1416 634 1618 689 fecisset,
1665 633 1848 676 vidisset
1891 629 2202 685 πεφυγμένος
2242 641 2328 671 non
2377 629 2513 671 solum

242 705 296 745 Il.
324 705 472 756 xxn,
498 705 596 758 219,
626 698 725 756 sed,
772 703 1007 755 ubicunque
1034 703 1079 742 in
1107 703 1291 743 Homero
1321 702 1506 756 legitur,
1549 712 1641 742 cum
1674 694 1780 741 εἶναι
1807 701 1902 743 sive
1930 698 2121 752 γενέσθαι
2155 695 2355 751 coniungi
2379 698 2423 737 et
2452 696 2514 736 ita

243 772 430 814 activum
456 769 699 822 πεφευγέναι
742 769 1102 811 circumscribere.
1158 769 1228 809 Ad
1270 770 1509 821 genitivum
1551 767 1660 820 quod
1704 767 1878 819 attinet,
1924 764 2079 816 negari
2118 765 2264 816 nequit
2294 763 2513 816 participia

247 837 453 894 quaedam
494 839 538 878 et
569 835 679 890 apud
707 836 888 878 Latinos
928 839 971 878 et
1007 835 1119 890 apud
1160 835 1349 878 Graecos
1390 834 1572 876 nominis
1604 834 1690 875 vim
1737 832 1953 884 accipere,
1975 829 2153 882 ideoque
2191 830 2376 871 secundo
2412 841 2514 870 casu

248 906 464 961 gaudere,
502 905 567 945 sic
598 896 721 949 εἰδώς
748 902 885 944 οἷωνιῖ
885 919 924 952 ν,
959 896 1122 951 τόκοιο,
1166 895 1323 954 τόξων.
1349 894 1630 952 διδαςκόμενος
1656 897 1852 950 πολέμοιο
1878 898 1959 945 (11.
1987 898 2127 952 XVII,
2154 900 2279 945 811).
2336 898 2513 949 Confer,

249 973 319 1026 qui
347 971 584 1015 luculenter
610 967 701 1010 rem
729 970 968 1023 illustrant,
995 970 1264 1009 Eustathium
1291 969 1345 1008 ad
1374 971 1477 1022 203,
1504 969 1791 1008 Hei-mannum
1821 965 1877 1005 ad
1895 966 1995 1018 Vig.
2020 977 2094 1018 pg.
2117 967 2194 1006 177
2221 968 2283 1019 et,
2305 965 2375 1018 qui
2394 964 2519 1017 plura

248 1038 417 1093 coegit,
460 1036 789 1091 Bernhardyum
818 1036 894 1078 Gr.
924 1048 1000 1089 pg.
1029 1038 1120 1076 140.
1166 1035 1283 1085 Quae
1315 1033 1626 1089 interpretandi
1660 1034 1769 1072 ratio
1795 1034 1920 1072 etiam
1957 1035 2105 1071 nostro
2137 1031 2228 1070 loco
2256 1041 2517 1083 nequaquam

247 1105 470 1160 displicet,
499 1115 745 1158 quamquam
776 1104 911 1145 fateor
937 1114 1003 1143 me
1040 1102 1120 1143 huc
1153 1100 1383 1154 inclinare,
1412 1102 1481 1153 ut,
1510 1111 1633 1152 quum
1665 1098 1846 1140 viderim
1882 1098 2064 1140 activum
2091 1089 2253 1150 φεύγειν
2279 1099 2517 1151 genitivum

247 1185 334 1213 non
364 1183 594 1225 respuere,
624 1172 874 1211 sententiam
904 1168 1147 1209 Buttmanni
1172 1167 1226 1207 ad
1257 1166 1456 1221 Sophocl.
1475 1166 1653 1207 Philoct.
1689 1168 1807 1220 1033,
1835 1167 1903 1207 cui
1930 1169 2082 1207 motum
2111 1177 2135 1206 e
2166 1165 2257 1206 loco
2285 1164 2516 1218 designare

247 1238 447 1285 videtur,
471 1238 682 1290 praeferri
710 1237 852 1276 velim.
906 1235 1095 1275 Diversa
1122 1237 1189 1273 est
1222 1234 1466 1274 Thierschii
1487 1234 1531 1272 in
1564 1233 1638 1273 Gr.
1669 1231 1713 1286 S.
1741 1236 1835 1286 255,
1865 1237 1891 1272 4
1910 1234 2140 1285 sententia,
2169 1234 2238 1285 qui
2262 1235 2519 1272 structuram

250 1308 310 1351 ita
342 1303 535 1358 expedit,
565 1306 610 1343 ut
641 1301 898 1355 πεφυγμένος
936 1313 1030 1343 cum
1068 1299 1347 1341 liberandi
1373 1302 1582 1354 potestate
1609 1300 1678 1342 hic
1710 1301 1890 1353 positum
1926 1312 2022 1341 esse
2054 1303 2182 1352 putet.
2250 1299 2398 1350 Eligat
2437 1299 2519 1339 sibi

250 1363 451 1426 qu'isque,
481 1371 591 1424 quod
618 1373 834 1421 sequatur.

354 1439 408 1478 V.
440 1440 503 1478 19.
532 1437 622 1477 Alii
655 1436 714 1475 dii
744 1449 787 1475 v.
835 1436 910 1487 17,
947 1435 1021 1473 alii
1051 1433 1246 1473 hocloco
1283 1433 1595 1486 intelliguntur.
1649 1434 1720 1473 Illi
1746 1434 1857 1473 enim
1897 1436 1996 1471 sunt
2030 1432 2089 1471 dii
2120 1432 2339 1485 fatales,
2386 1441 2518 1483 penes

250 1516 356 1559 quos
384 1504 438 1545 de
471 1503 646 1556 Ulyssis
679 1502 818 1543 reditu
851 1504 919 1542 est
945 1501 1188 1554 arbitrium3
1218 1500 1260 1540 hi
1296 1503 1397 1540 sunt
1422 1501 1632 1553 superi,
1674 1500 1765 1554 qui,
1791 1499 2080 1541 misericordia
2106 1499 2314 1552 commoti,
2350 1499 2516 1548 virum,

249 1575 450 1628 quantum
476 1572 564 1612 illis
593 1582 649 1611 ex
678 1571 865 1624 priorum
897 1568 1067 1609 decreto
1094 1567 1213 1621 licet,
1240 1566 1459 1612 adiuvant.

357 1640 410 1680 V.
442 1640 615 1679 15—19.
643 1638 695 1677 In
722 1637 802 1677 hoc
844 1636 934 1676 loco
976 1634 1227 1688 explicando
1265 1638 1308 1675 et
1344 1634 1685 1687 interpungendo
1727 1635 1812 1675 viri
1853 1635 2006 1676 eruditi
2047 1634 2152 1675 duas
2186 1635 2368 1676 inierunt
2409 1637 2521 1677 vias.

250 1705 366 1757 Alii,
394 1705 438 1745 in
466 1704 618 1757 quibus
636 1702 849 1755 Wolfius,
868 1701 1151 1755 Besseldtius,
1180 1702 1429 1741 Passowius
1457 1714 1491 1741 s.
1511 1714 1554 1741 v.
1585 1695 1672 1750 ὅτε,
1698 1702 1791 1743 Nro
1818 1706 1860 1757 9,
1889 1703 2163 1744 Thierschius
2192 1702 2236 1757 S.
2259 1706 2354 1757 316,
2386 1705 2450 1757 16,
2476 1708 2517 1758 9,

251 1769 374 1813 ἔνθα
401 1772 455 1812 de
482 1775 670 1824 tempore
702 1781 794 1811 cum
814 1768 1057 1810 Scholiasta
1075 1768 1346 1822 accipienteS,
1370 1770 1547 1811 mediam
1575 1770 1953 1822 interpunctionem
1981 1775 2077 1824 post
2092 1764 2277 1823 Ἰθάκην,
2299 1773 2520 1812 maximam

254 1842 351 1892 post
381 1836 546 1891 φίλοισι
574 1840 748 1891 ponunt.
804 1836 957 1876 Altera
984 1835 1210 1889 explicatio
1238 1846 1291 1876 ea
1317 1839 1407 1891 est,
1453 1848 1575 1891 quam
1608 1837 1801 1880 Schaefer
1827 1838 1882 1880 ad
1907 1839 2114 1880 Porsonis
2141 1840 2288 1892 Eurip.
2317 1852 2393 1893 pg.
2418 1841 2518 1893 566,

256 1907 521 1959 suffragante
547 1904 798 1957 Nitzschio,
825 1904 1068 1956 proposuit,
1099 1902 1190 1955 qui,
1222 1899 1326 1943 ἔνθα
1352 1904 1405 1943 ad
1425 1905 1559 1946 locum
1587 1905 1802 1959 referens,
1826 1906 1871 1945 in
1902 1906 2049 1945 verbis
2077 1899 2160 1945 οὐδ’
2187 1902 2290 1946 ἔνθα
2316 1931 2327 1942 .
2380 1933 2392 1945 .
2444 1934 2456 1945 .
2508 1935 2520 1945 .

254 1971 416 2025 φίλοισι
443 1972 734 2013 intermediam
766 1971 1019 2011 sententiam
1051 1969 1177 2023 vidit,
1207 1973 1249 2010 et
1284 1970 1458 2011 alteram
1490 1973 1797 2013 enunciationis
1828 1976 1991 2025 partem
2021 1973 2120 2013 inde
2150 1974 2341 2014 averbis
2360 1973 2458 2013 Θεοὶ
2483 1973 2520 2013 δ’

251 2040 412 2093 incipit.
469 2040 520 2078 In
550 2039 631 2079 hac
657 2038 1005 2091 interpretatione
1033 2037 1166 2092 nihil,
1194 2038 1238 2077 in
1264 2039 1408 2091 priore
1444 2038 1602 2092 aliquid
1629 2050 1750 2091 esse,
1779 2038 1887 2092 quod
1914 2039 2170 2093 reprehendi
2196 2042 2346 2093 possit,
2373 2044 2520 2081 osten-

252 2108 360 2150 dam.
418 2106 499 2157 Qui
527 2107 638 2147 enim
672 2105 911 2146 accuratius
949 2105 1082 2145 locum
1115 2105 1475 2160 consideraverit,
1503 2107 1628 2148 facile
1656 2107 1869 2161 intelliget
1896 2104 2021 2154 ἔνθα,
2048 2107 2104 2147 ad
2130 2111 2293 2160 tempus
2320 2107 2523 2161 relatum,

254 2175 364 2215 idem
392 2173 674 2215 tantummodo
716 2173 918 2227 temporis
954 2176 1222 2228 momentum,
1268 2184 1320 2214 ac
1347 2163 1607 2226 praecedens
1644 2166 1712 2213 ὅτε
1749 2166 1824 2226 δή,
1860 2174 1928 2214 cui
1965 2177 2010 2214 ut
2042 2173 2414 2215 demonstrativum
2448 2186 2526 2216 re-

253 2242 458 2296 spondet,
487 2241 734 2295 significare
765 2251 914 2294 posse,
954 2240 997 2280 id
1025 2240 1187 2281 scilicet
1218 2240 1440 2294 temporis,
1470 2241 1540 2280 ubi
1567 2240 1750 2292 Ulysses
1777 2240 1918 2294 solus,
1946 2242 2073 2282 sociis
2103 2242 2292 2282 omnibus
2327 2243 2524 2296 amissis,

254 2309 367 2363 apud
396 2308 680 2362 Calypsonem
713 2307 911 2360 degebat.
968 2306 1086 2359 Quae
1114 2319 1204 2348 cum
1237 2306 1297 2347 ita
1325 2317 1373 2346 se
1403 2306 1602 2360 habeant,
1633 2307 1799 2360 quinam
1826 2307 1888 2347 illi
1913 2305 2032 2360 φίλοι
2059 2308 2167 2361 sint,
2197 2320 2304 2359 quos
2333 2308 2525 2361 equidem

255 2376 298 2415 in
318 2375 493 2429 Ulyssis
509 2373 736 2414 solitudine
765 2374 956 2426 reperire
984 2384 1206 2427 nequeam,
1237 2373 1364 2413 velim
1392 2373 1492 2412 mihi
1525 2373 1744 2414 indicetur.
1800 2373 1892 2416 Hac
1918 2375 2050 2428 igitur
2077 2374 2320 2415 difficultate
2348 2374 2530 2416 maxine

259 2445 510 2495 commotus,
539 2453 566 2483 a
592 2441 753 2482 Wolfio
781 2441 1026 2483 desciscens
1053 2443 1145 2482 eius
1174 2441 1438 2482 adversariis
1474 2453 1539 2480 me
1565 2442 1750 2495 adiungo
1779 2446 1847 2495 et,
1891 2443 2158 2482 distinctione
2184 2447 2359 2494 mutata,
2397 2446 2527 2481 totum

262 2508 394 2548 locum
420 2507 477 2548 ad
504 2508 616 2548 hunc
653 2518 824 2547 sensum
860 2518 1038 2548 revoco:
1084 2507 1184 2548 Ubi
1212 2518 1348 2548 vero
1377 2507 1472 2546 iam
1504 2518 1679 2548 annus
1712 2509 1886 2561 venit,
1930 2520 2024 2561 quo
2057 2509 2261 2561 placuit
2296 2509 2432 2561 fato,
2471 2510 2527 2549 ut

257 2574 448 2615 domum
486 2573 693 2614 rediret
725 2574 780 2613 in
818 2573 1046 2613 Ithacam
1077 2578 1169 2620 (ne
1197 2574 1271 2613 ibi
1310 2573 1522 2627 quidem
1555 2575 1645 2615 vel
1685 2564 1835 2614 inter
1875 2575 2076 2615 amicos
2110 2574 2529 2628 subterfugerat

257 2640 538 2694 labores),
565 2643 667 2681 tum
699 2640 1103 2682 miserabantur
1132 2640 1212 2681 dii
1239 2653 1429 2682 omnes.
1482 2642 1549 2682 De
1576 2641 1784 2695 particula
1809 2639 1878 2688 δέ,
1905 2642 1949 2681 in
1976 2642 2050 2682 tali
2081 2643 2382 2683 sententiarum
2412 2653 2529 2683 nexu

256 2709 311 2751 ab
338 2708 524 2749 Homero
552 2719 680 2761 saepe
708 2711 936 2762 usurpata,
963 2708 1227 2750 disserentes
1260 2708 1360 2750 vide
1396 2709 1595 2750 WVolsium
1619 2710 1674 2750 ad
1704 2710 1756 2750 11.
1784 2710 1822 2763 I,
1847 2712 1922 2764 583
1951 2711 2242 2752 Thierschium
2261 2711 2335 2752 Gr.
2357 2709 2400 2765 S.
2419 2713 2528 2764 316,

260 2777 310 2816 15
336 2778 380 2815 et
410 2776 481 2830 163
513 2774 786 2816 Matthiaeum
813 2776 867 2817 ad
886 2776 1046 2829 Hymn.
1072 2776 1116 2817 in
1135 2775 1232 2817 Cer.
1260 2788 1303 2816 v.
1332 2777 1413 2830 39,
1437 2777 1724 2820 Hermannum
1751 2776 1806 2818 ad
1833 2778 1932 2833 Vig.
1961 2792 2036 2832 pg.
2064 2781 2145 2820 785
2166 2782 2209 2820 et
2234 2779 2288 2819 ad
2307 2779 2462 2831 Hymn.
2481 2778 2527 2817 in
2555 2808 2559 2812 .

256 2844 366 2884 Ven.
384 2855 463 2895 pg.
493 2843 588 2895 107,
616 2842 687 2894 qui
718 2854 822 2883 vero
850 2844 974 2884 nimis
997 2844 1128 2897 louge
1156 2843 1450 2898 progreditur,
1478 2844 1574 2884 dum
1606 2844 1662 2884 ad
1692 2844 1847 2896 Hymn.
1875 2845 1919 2885 in
1938 2847 2022 2899 Ap.
2048 2847 2130 2887 335
2158 2845 2386 2898 contendit,
2417 2843 2528 2884 hunc

258 2922 381 2951 usum
419 2908 476 2950 ad
507 2908 751 2951 anacoluthi
792 2920 932 2964 genus
970 2922 1070 2952 esse
1113 2909 1397 2952 referendum.
1450 2913 1555 2953 Post
1592 2911 1835 2954 coniunctas
1879 2914 2110 2967 particulas
2137 2905 2241 2952 ἀλλ’
2270 2905 2354 2952 ὅτε
2381 2903 2440 2964 δή
2482 2912 2531 2952 in
