2667 3345
1348 85 1421 139 17
2333 147 2350 162 „

246 189 484 275 Μ’
524 215 618 258 ”⁰²
618 210 684 257 τὰ
727 207 983 266 mum
1026 209 1237 268 '‘meme‘'
1268 212 1361 262 (ΙΙ.
1406 219 1472 270 11,
1511 218 1633 264 155).
1689 217 1847 259 Confer
1898 220 2109 273 pm
2103 180 2309 265 W '²“‘⁴
2341 181 2422 202 ²⁵¹·

248 288 395 342 Apoll.
431 282 569 326 Rhod.
613 279 697 335 lV,
737 283 791 322 20
835 283 962 322 etiam
993 281 1259 341 Passowium
1297 293 1333 320 s.
1367 291 1409 320 v.
1443 284 1505 334 et,
1558 293 1678 335 quem
1708 283 1893 336 allegat,
1938 285 2152 339 Equi·-
2218 272 2241 316 ι’
2263 268 2340 350 *fs
2359 262 2435 283 ‘³⁹
2455 266 2495 283 ”

251 367 328 410 pg.
353 351 448 397 8524.
495 347 835 395 Consentientem
862 359 989 401 porro
1015 332 1085 388 me
1106 345 1232 388 habet
1252 345 1502 391 Eustathius
1537 350 1581 391 in
1608 351 1685 404 iis,
1723 362 1830 405 quae
1856 351 1909 392 de
1935 352 2263 408 praepositio-is
2494 400 2505 407 Α,

249 419 419 464 nificatu
447 417 619 471 adiecit,
646 416 814 458 dicens.
841 409 882 466 ²5·-
892 409 995 467 ὑπὲρ
1012 408 1308 468 ἰσοδυναμούοη
1328 413 1379 466 τῇ
1404 409 1529 469 παρά
1539 415 1584 457 ἐν
1614 420 1704 464 τοῖς
1730 411 1936 464 τοιαύτας
1961 415 2251 476 (ὕπέρμοροη.
2401 420 2405 421 ’

250 486 429 541 Proprie
456 485 566 525 enim
591 478 820 535 ὑπέρμορον
839 484 906 521 est
932 492 1097 533 super
1124 480 1310 535 fatum,
1338 483 1409 522 vel
1436 484 1671 524 accuratius
1700 496 1860 537 supra
1888 484 2064 525 fatale
2093 487 2133 526 h.
2160 499 2199 529 e.
2225 487 2365 540 ultra,
2552 506 2554 508 v

251 553 382 595 tatum
412 551 526 606 vult;
559 551 623 591 sic
648 547 727 589 0d.
755 547 807 601 V,
834 548 916 588 436
941 546 1148 600 explicari
1178 551 1339 601 potest.
1369 547 1603 591 destinatae
1630 549 1795 603 quidem
1822 553 1945 591 erant
1972 550 2142 604 ulyssi,
2169 554 2211 592 et
2241 563 2296 593 ex
2322 551 2402 593 mi
2432 551 2512 604 (V,

250 621 381 672 206),
409 621 452 659 et
478 629 534 659 ex
558 614 749 667 Neptuni
784 616 919 661 (290)
946 614 1164 656 voluntate
1198 626 1423 656 aerumnae
1449 617 1622 671 multae,
1660 620 1834 658 mortem
1871 627 1976 658 vero
2018 617 2058 657 si
2099 618 2383 675 occubuisset,
2415 618 2514 674 plns

251 688 311 741 ei,
341 697 461 739 quam
494 683 784 736 praestitutum
812 685 927 735 erat,
955 683 1193 724 accidisset.
1239 683 1362 728 Unde
1388 685 1512 738 alibi,
1539 688 1587 725 ut
1613 684 1690 726 boc
1718 685 1829 739 loco,
1858 697 1901 725 v.
1927 687 2005 740 35,
2032 683 2083 725 11.
2108 686 2166 737 ΙΙ,
2191 686 2281 739 155,
2307 686 2358 726 n.
2383 685 2511 739 xxi,

250 754 332 808 517,
357 752 466 795 idem
494 751 578 801 est,
608 747 717 800 quod
744 740 855 801 παρά
881 748 921 790 h.
949 760 986 789 e.
1014 753 1255 805 praeter,
1284 754 1470 792 contra
1497 750 1640 791 fatum.

357 819 410 859 V.
437 819 504 859 35.
549 817 646 856 νῦν.
673 810 740 857 ὅτι
773 811 821 856 τὸ
849 816 917 856 νῦν
952 813 1054 858 κατὰ
1082 812 1180 863 τοὺς
1214 812 1411 863 παλαιοὺς
1446 814 1544 863 τούς
1576 819 1686 871 τρεῖς
1720 810 1888 872 χρόνους
1923 818 2042 871 δηλοῖ
2073 811 2147 859 τὸν
2180 815 2404 866 ἐνεστῶτα,
2440 814 2510 860 vor

253 882 693 939 παρφχημένονυιίῐι.
711 883 772 931 l.)
799 879 955 924 καὶτὸν
975 883 1197 935 μέλλοντα
1201 888 1278 931 (v.
1306 886 1406 939 2003
1435 885 1579 940 XXlI,
1607 888 1654 941 63
1683 885 1734 926 Π
1763 886 1864 939 XX,
1892 887 1984 926 307.
1997 892 2030 935 ).
2084 886 2153 927 Ita
2177 890 2293 927 recte
2316 885 2511 927 Eustath.

251 952 306 994 ad
333 952 382 993 11.
409 953 471 1006 Π,
499 963 572 1005 pg,
605 953 693 992 164.
747 950 907 992 Eadem
936 951 1027 992 fere
1055 954 1276 1006 annotata,
1315 953 1519 1006 exemplis
1546 964 1601 993 ex
1629 953 1813 995 Homero
1841 951 2019 1008 additis,
2052 954 2096 994 in
2128 953 2268 1007 Etym.
2297 964 2441 1008 magn.
2469 956 2513 994 et

251 1021 361 1074 apud
392 1019 579 1072 Hesych.
608 1020 825 1071 invenies,
864 1021 933 1071 qui
960 1031 1064 1060 vero
1098 1021 1280 1074 egregie
1310 1020 1365 1059 ad
1402 1024 1590 1061 nostrum
1616 1021 1750 1062 locum
1775 1021 1936 1062 adiicit:
1974 1021 2093 1074 δηλοῖ
2117 1021 2162 1061 δὲ
2179 1021 2248 1062 καὶ
2272 1015 2321 1061 τὸ
2344 1016 2512 1075 ἀρτίως.

252 1088 464 1140 Vigerus,
494 1090 711 1138 postquam
738 1087 782 1125 in
815 1086 843 1125 l.
876 1086 904 1126 1.
935 1099 1009 1139 pg.
1037 1089 1136 1140 425,
1172 1087 1280 1138 quod
1306 1098 1453 1127 verum
1478 1092 1567 1141 est,
1602 1087 1656 1129 de
1689 1089 1768 1129 hac
1794 1088 1999 1141 particula
2024 1088 2218 1141 protulit,
2245 1088 2511 1142 Hoogeveno

251 1155 533 1206 suffragante,
585 1151 798 1192 contendit
834 1151 902 1190 νῦν
937 1153 1162 1204 praeterito
1199 1153 1380 1193 iunctum
1413 1166 1633 1207 numquam
1661 1156 1907 1209 significare
1938 1158 2100 1208 tempus
2136 1154 2288 1196 dudum
2313 1158 2509 1197 transac-

252 1225 349 1261 tum.
403 1220 544 1261 Minus
576 1216 704 1259 recte.
759 1219 829 1258 Ex
856 1222 1001 1258 nostro
1028 1219 1139 1258 enim
1164 1219 1255 1259 loco
1289 1232 1380 1259 cum
1406 1233 1448 1260 v.
1475 1223 1529 1261 43
1556 1224 1818 1274 comparato,
1859 1234 1982 1275 quum
2008 1222 2053 1260 in
2084 1221 2138 1261 iis
2164 1224 2376 1276 tempora,
2414 1222 2509 1276 qui-

253 1289 330 1329 bus
359 1291 518 1341 septem
535 1287 785 1327 interiacent
811 1286 910 1325 anni
939 1286 1044 1339 (III,
1071 1288 1200 1340 306),
1229 1286 1308 1327 hac
1339 1287 1543 1339 particula
1570 1287 1752 1328 indicata
1778 1289 1882 1342 sint,
1912 1288 2042 1342 satis,
2072 1288 2240 1342 opinor,
2267 1288 2425 1341 patebit
2441 1289 2509 1328 νῦν

251 1356 375 1396 etiam
401 1355 454 1394 de
480 1354 650 1407 longius
677 1355 834 1392 remoto
861 1355 1047 1405 tempore
1074 1356 1317 1405 usurpatum
1349 1365 1456 1394 esse.
1511 1355 1593 1394 Est
1619 1355 1751 1408 igitur
1778 1355 1865 1402 νῦν,
1890 1367 2014 1408 quum
2038 1366 2115 1408 per
2144 1366 2192 1395 se
2218 1354 2375 1395 nullam
2405 1356 2509 1396 certi

252 1423 450 1475 temporis
469 1421 620 1482 habeat
646 1419 1009 1473 significationem,
1039 1430 1116 1472 pro
1143 1422 1231 1459 toto
1254 1419 1577 1471 uniuscuiusque
1603 1421 1685 1462 loci
1711 1425 1930 1474 contextu,
1958 1422 2067 1462 alias
2094 1434 2250 1476 nunc,
2277 1421 2385 1462 alias
2410 1432 2509 1461 mo-

253 1488 316 1529 do
343 1489 436 1529 sive
463 1499 652 1540 nuper,
681 1486 788 1527 alias
821 1498 946 1527 mox.
1004 1485 1092 1527 Sed
1124 1485 1203 1526 hoc
1232 1486 1367 1527 obiter
1402 1487 1612 1528 indicasse
1644 1488 1689 1528 in
1725 1499 1930 1541 praesens
1958 1489 2063 1529 satis
2094 1492 2174 1529 est.

359 1557 410 1596 V.
438 1557 504 1596 36.
551 1553 787 1611 Spohnius,
816 1554 1008 1606 quoniam
1046 1554 1090 1593 in
1115 1553 1143 1593 1.
1170 1554 1199 1593 l.
1227 1564 1371 1593 omnes
1401 1553 1514 1594 locos
1542 1564 1598 1594 ex
1627 1554 1787 1607 Rhaps.
1815 1555 1850 1609 I,
1879 1556 1957 1610 ΠΙ,
1985 1555 2060 1608 IV,
2088 1555 2155 1595 IX
2184 1558 2227 1595 et
2250 1555 2412 1610 XXIV,
2438 1554 2510 1597 ubi

254 1626 376 1676 poeta
407 1622 460 1662 de
492 1620 824 1673 Agamemnonis
858 1619 1150 1659 interfectione
1187 1620 1391 1675 meminit,
1432 1632 1553 1672 quam
1586 1623 1901 1662 accuratissime
1937 1623 2169 1676 recensuit,
2210 1623 2309 1662 mihi
2344 1622 2508 1675 quidem

255 1690 387 1740 otium·
416 1689 539 1742 facit3
568 1688 747 1728 lectores
774 1690 913 1728 tamen
950 1687 1217 1727 commonitos
1253 1687 1397 1735 velim,
1422 1688 1653 1728 cautionem
1680 1687 1921 1729 adhibeant·
1936 1689 1980 1728 in
2013 1688 2090 1743 iis,
2119 1699 2224 1741 quae
2251 1699 2355 1741 prae
2381 1688 2507 1729 nimio

255 1756 393 1798 studio
422 1766 542 1810 quam
580 1755 759 1809 plurima
799 1765 854 1794 ex
881 1752 1121 1807 Odysseae·
1140 1756 1329 1795 extrema
1369 1757 1487 1807 parte
1522 1755 1567 1796 in
1604 1755 1883 1809 suspicionem
1914 1754 2148 1796 adducendi
2185 1754 2238 1795 de
2279 1766 2411 1796 versu
2449 1755 2506 1796 97

254 1824 352 1864 libri
397 1823 546 1863 XXIV
589 1822 756 1875 statuit,
812 1831 932 1874 quem
968 1820 1122 1874 locum,
1168 1821 1206 1860 si
1254 1821 1352 1874 quid
1399 1820 1553 1876 iudico,
1595 1822 1721 1862 facile
1771 1834 1861 1862 cum
1898 1822 2050 1862 ceteris
2092 1821 2147 1861 ad
2188 1822 2509 1862 concinnitatem

255 1890 541 1930 revocaveris.
558 1910 614 1919 —-
638 1889 791 1928 Varias
818 1888 1066 1939 scriptorum
1093 1887 1276 1939 fabulas,
1319 1899 1423 1940 quae
1454 1889 1508 1929 ad
1545 1891 1876 1943 Agamemnonis
1903 1890 2082 1929 reditum
2113 1893 2157 1929 et
2181 1890 2509 1930 internecionem

257 1961 470 2011 spectant,
504 1956 684 1996 maxima
719 1968 810 1996 cum
847 1955 1070 2008 diligentia
1110 1955 1332 2008 indagavit
1366 1959 1409 1996 et
1439 1955 1611 2010 collegit
1650 1957 1693 1997 J.
1732 1959 1786 1998 A.
1820 1956 1962 1997 Fuchs
2003 1956 2047 1996 in
2083 1955 2213 1996 libro:
2248 1956 2315 1997 De
2347 1955 2508 1996 Variet-

256 2024 403 2067 Fabul.
433 2023 571 2063 Troic.
600 2034 674 2076 pg.
706 2024 784 2061 170
809 2033 901 2074 sqq.
958 2020 1039 2071 Qui
1074 2020 1237 2074 quidem
1272 2022 1457 2078 iuvenis,
1501 2030 1623 2077 quum
1657 2024 1767 2065 haud
1799 2025 1971 2078 vulgari
2007 2024 2182 2077 ingenio
2220 2026 2263 2063 et
2294 2022 2508 2075 doctrina,

258 2091 374 2131 cuius
401 2090 582 2142 egregia
608 2089 836 2141 specimina
862 2089 905 2126 in
943 2088 1049 2127 libro
1077 2088 1244 2127 laudato
1270 2092 1457 2142 exstant,
1499 2091 1716 2141 praeditus
1743 2090 1893 2144 fuerit,
1931 2091 2149 2130 immatura
2173 2093 2305 2130 morte
2331 2099 2513 2142 oppres-

258 2170 333 2197 sus
360 2156 615 2208 inexplebile
642 2155 707 2193 sui
738 2154 990 2193 desiderium
1018 2157 1060 2193 et
1091 2154 1244 2194 litteris
1272 2158 1316 2194 et
1350 2157 1493 2195 amicis
1518 2156 1700 2207 reliquit.

364 2223 416 2262 V.
443 2224 509 2263 38.
530 2214 775 2261 ’ἐΰσκοπο
785 2233 818 2267 ς.
872 2213 954 2271 Οὖχ
984 2213 1006 2260 ὃ
1037 2212 1174 2266 δόλιος
1195 2214 1348 2274 Ἑρμῆς
1378 2216 1406 2275 ἦ
1431 2213 1647 2273 ὁίχθὸνιος
1677 2216 1705 2274 ἤ
1731 2234 1796 2267 τις
1818 2221 2006 2267 τοιοῦτος
2035 2218 2222 2262 ἐπαίδευε
2245 2216 2316 2262 τὸν
2341 2216 2508 2272 Αἴγισ-

258 2292 355 2336 θον,
389 2283 477 2327 ἀλλ’
512 2281 802 2334 ἐΰσκοπος,
841 2286 897 2325 δι’
931 2279 978 2325 οὗ
1013 2288 1341 2340 προσκοπεῖσθαι
1376 2282 1457 2337 εἶχε
1491 2283 1542 2327 τὰ
1577 2288 1786 2338 μέλλοντα.
1842 2288 1973 2339 Quam
2000 2289 2307 2328 annotationem
2343 2297 2393 2326 eo
2428 2286 2508 2326 ad-

258 2357 413 2409 scripsi
437 2355 633 2408 consilio,
661 2357 706 2393 ut
740 2354 951 2394 Eustathii
980 2354 1216 2406 opinionem
1241 2366 1374 2394 meam
1401 2356 1600 2395 facerem:
1629 2357 1698 2409 qui
1721 2357 1975 2396 Mercurium
1998 2368 2081 2395 non
2110 2367 2201 2395 eam
2232 2355 2282 2394 ob
2315 2364 2507 2407 causam,

264 2428 372 2478 quod
391 2424 558 2476 Argum
574 2421 858 2476 interfecerit,
887 2422 946 2462 ita
964 2421 1116 2462 dictum
1134 2426 1272 2475 putem
1284 2451 1297 2475 ,
1324 2422 1402 2463 sed
1420 2421 1524 2474 quod
1543 2423 1745 2463 universe
1764 2423 1869 2464 deus
1887 2423 1960 2463 ille
1987 2421 2096 2463 haud
2122 2416 2300 2467 ἄσκοπος
2326 2422 2402 2474 sit,
2430 2420 2510 2462 sed

260 2483 455 2535 ἔΰσκοπος
481 2489 523 2529 h.
551 2500 588 2530 e.
616 2488 803 2543 prudens
830 2490 872 2528 et
898 2487 1115 2542 providus„
1171 2487 1291 2540 Quod
1318 2490 1389 2542 qui
1414 2490 1728 2546 approbaverit,
1767 2492 1858 2531 iure
1873 2493 2013 2544 ponat
2039 2490 2387 2544 interpunctionis
2414 2489 2511 2544 sig-

260 2571 358 2598 num
384 2569 467 2597 non
493 2569 584 2597 cum
608 2557 767 2596 Wolfio
794 2560 892 2596 ante
919 2556 996 2595 hoc
1022 2557 1290 2609 vocabulum,
1326 2558 1403 2597 sed
1437 2562 1532 2609 post
1563 2557 1677 2596 illud.
1731 2557 1800 2595 Ne
1833 2558 1926 2607 quis
1953 2557 2053 2597 mihi
2085 2561 2232 2596 contra
2262 2557 2372 2597 hanc
2408 2567 2511 2596 sen-

261 2626 432 2666 tentiam
468 2626 669 2678 provocet
712 2623 765 2664 ad
806 2623 858 2664 Il.
901 2622 1066 2676 XXIV,
1116 2625 1191 2668 24:
1239 2635 1319 2675 quo
1363 2624 1409 2667 in
1447 2636 1576 2665 versu
1616 2622 1773 2664 nullum
1817 2622 1930 2663 aliud
1975 2634 2073 2664 esse
2108 2634 2283 2677 nomen,
2340 2634 2511 2676 quocum

261 2688 458 2735 ἐΰσκοπον
484 2693 682 2747 coniungi
708 2693 868 2746 possit,
905 2693 1012 2734 bene
1044 2672 1208 2745 quidem
1235 2692 1385 2748 video,
1413 2691 1487 2733 sed
1517 2692 1622 2732 haec
1648 2694 1713 2731 est
1741 2701 1891 2743 causa,
1920 2702 1994 2731 cur
2022 2690 2130 2735 illud
2158 2691 2218 2731 ibi
2244 2701 2322 2744 pro
2348 2690 2511 2731 nomine

263 2762 457 2818 proprio,
486 2763 553 2803 cui
585 2760 766 2813 sequens
788 2753 1075 2814 Ἀργειφόντην
1101 2760 1156 2801 sit
1174 2760 1434 2814 appositum,
1463 2757 1637 2798 habeam
1653 2760 1697 2797 et
1723 2757 1864 2797 littera
1881 2757 2111 2798 maiuscula
2139 2758 2338 2811 scriptum
2363 2756 2514 2796 malim.

264 2830 466 2885 Apprime
497 2829 588 2883 his,
625 2839 730 2880 quae
767 2827 886 2868 modo
923 2828 1322 2881 demonstravimus,
1361 2826 1557 2869 convenit
1588 2824 1745 2879 duplex
1782 2824 1976 2866 vocabuli
2016 2817 2216 2878 ἐριούνιος
2241 2825 2284 2865 in
2322 2822 2507 2863 eiusdem

264 2897 362 2938 libri
397 2910 440 2938 v.
469 2898 549 2937 457
576 2900 619 2937 et
648 2898 730 2937 360
752 2907 867 2936 usus.

2084 3016 2111 3055 3
