2667 3345
563 0 663 114 ,5

527 113 558 134 ,μ

507 137 543 195 Γμ’

213 205 256 245 in
284 202 442 246 Aethio
417 213 471 258 op
584 203 626 244 h.
643 214 680 243 e.
707 203 752 242 in
770 203 1002 240 extremam
1030 204 1186 241 terram
1212 201 1437 254 ablegatos
1455 212 1568 254 esse,
1596 212 1770 254 quorum
1788 205 2031 253 praesentia
2058 204 2348 258 impedimento
2366 203 2479 246 fuis-

212 276 278 312 set
304 274 349 311 et
374 271 444 312 ius
563 282 702 311 rerum
730 268 920 309 ordinem
947 268 1251 321 perturbasset.
1306 268 1403 310 Diis
1430 281 1534 310 vero
1553 269 1788 321 Aethiopes
1815 279 1918 321 prae
1945 274 2100 312 ceteris
2126 272 2370 327 longinquis
2397 282 2478 326 po-

206 337 320 394 pulis
361 351 389 391 p
470 342 536 378 ter
575 336 856 375 innocentiam
897 339 940 375 et
979 334 1177 385 iustitiam
1216 340 1411 388 acceptos
1439 341 1482 377 et
1509 348 1632 378 caros
1659 336 1792 376 fuisse
1820 348 1875 376 ex
1901 336 2064 377 adiecto
2091 332 2295 390 ἀμύμονες
2320 344 2479 381 temere

256 451 278 465 2.
537 402 701 444 Mecum
721 402 990 443 consentiunt
1007 401 1186 455 Koppen
1212 401 1267 442 ad
1291 402 1397 457 11.1‚
1426 405 1506 444 425
1525 407 1567 444 et
1586 404 1740 456 zoega
1765 403 1876 456 apud
1902 402 2114 444 Voelcker
2140 404 2168 443 l.
2197 405 2225 444 l.
2246 417 2319 458 pg.
2337 408 2394 447 90
2410 418 2475 460 sq.

214 466 256 533 ’,ἱ
314 471 368 511 V.
395 472 460 511 23.
505 464 593 508 ἔστι
622 467 668 508 δὲ
695 463 744 509 τὸ
773 467 848 518 μὲν
876 463 1005 518 διχθὰ
1031 464 1144 507 καθὰ
1172 467 1243 507 καί
1269 468 1320 508 ἐν
1336 464 1485 510 Ἰλιάδι
1526 472 1635 546 (IIII,
1663 474 1740 524 633
1763 470 1866 510 od.
1907 471 1997 522 lx,
2024 472 2107 516 71)
2152 465 2201 508 τὸ
2228 467 2384 521 τριχθὰ
2408 473 2478 512 καὶ

203 532 416 591 τετραχθὰ
457 528 658 589 Δωρικόν.
704 535 900 588 Δωριέων
941 528 1044 590 γάρ,
1092 530 1118 588 ἦ
1145 535 1222 576 τοῦ
1244 535 1359 589 θῆτα
1395 535 1438 578 ἐν
1477 530 1642 584 τούτοις
1669 535 1902 582 ἐπένθεσις,
1958 565 1970 575 .
2024 565 2034 575 .
2088 564 2099 575 .
2125 528 2232 575 οὕτω
2264 534 2310 576 δὲ
2336 534 2408 578 καί
2431 534 2476 578 ἐν

203 606 264 658 τῷ
288 598 472 657 μαλακὸς
504 601 720 656 μαλθακὸς
747 604 825 651 (ΙΙ.
855 603 994 657 XVH,
1022 605 1131 652 588)
1158 602 1227 644 καὶ
1252 600 1413 659 χαμαλῆ
1438 600 1647 660 χθαμαλή.
1684 607 1749 647 Ita
1776 609 1913 658 recte,
1941 605 1980 645 si
2008 604 2107 657 quid
2138 604 2286 657 video,
2312 605 2473 646 Eusta-

203 673 318 714 thius
333 683 357 726 ,⁶
392 682 638 725 quamquam
676 671 730 712 de
766 674 977 724 postremo
1019 672 1225 712 vocabulo
1253 673 1377 713 aliter
1414 674 1572 714 iudicat
1596 675 1877 715 Buttmannus
1903 674 1946 712 in
1974 673 2049 712 Gr.
2077 673 2201 724 ampl.
2233 674 2267 723 Ι,
2300 684 2374 724 pg.
2401 675 2471 726 81,

201 741 259 781 Ν.
287 743 338 795 3,
367 750 565 792 compara
583 749 746 792 quoque
764 737 832 787 χές
850 742 892 778 et
919 737 1045 789 χθές,
1071 732 1189 785 ἐσλός
1216 744 1259 780 et
1285 733 1454 795 ἐσθλός,
1487 735 1586 791 ἄχος
1613 745 1656 782 et
1682 736 1836 791 ἄχθος,
1863 740 2042 794 denique
2077 739 2368 781 Thierschium
2394 737 2470 780 Gr.

202 806 248 862 s.
279 809 371 861 173,
398 808 439 848 3.
496 805 717 858 originem
751 805 885 858 igitur
931 818 1051 846 suam
1078 806 1204 846 habet
1244 806 1296 847 ab
1335 805 1432 857 δίχα
1462 808 1591 863 (XV,
1620 810 1756 861 412),
1784 819 1861 860 pro
1890 818 1969 860 quo
1995 806 2120 846 etiam
2148 800 2293 856 ἄνδιχα
2320 806 2470 847 dicitur

204 875 256 915 11.
286 875 445 927 XXII,
478 876 556 914 120
581 876 624 913 et
663 865 851 922 διάνδιχα
887 874 939 913 ΙΙ.
970 872 1006 926 1,
1033 876 1126 914 280.
1153 896 1209 905 —-
1232 874 1554 915 Schoenemann
1584 877 1626 915 in
1655 875 1996 914 commentatione
2023 873 2077 913 de
2110 872 2270 926 Geogr.
2299 875 2468 914 Homer.

202 953 277 995 pg.
309 942 423 994 130,
455 940 525 980 ubi
552 938 689 979 obiter
726 939 976 979 mentionem
1004 938 1057 978 de
1085 939 1367 993 Aethiopibus
1394 942 1516 993 fecit,
1565 952 1717 980 versus
1742 942 1796 980 23
1823 944 1865 979 et
1891 943 1967 993 24,
2006 944 2249 993 praeeunte,
2279 944 2325 980 ut
2350 941 2470 981 affir-

199 1012 304 1061 mat,
332 1008 525 1062 Heynio,
553 1006 820 1060 Rhapsodi
848 1007 1083 1047 alicuius
1112 1019 1337 1059 pannum
1364 1012 1595 1048 assutum
1631 1012 1754 1049 vocat
1780 1008 1832 1048 ob
1854 1019 2004 1049 causas
2024 1008 2188 1048 minMe
2215 1009 2468 1063 probabiles,

200 1076 354 1128 quibus
368 1076 411 1115 in
443 1074 688 1116 refutandis
716 1076 889 1116 lectoris
925 1076 1127 1128 patientia
1154 1075 1363 1114 abuterer.

1309 72 1385 123 14

303 1144 357 1184 V.
385 1145 453 1184 25.
482 1136 719 1190 ἀντιόων,
746 1146 801 1183 ut
827 1142 1047 1183 adesset
1075 1145 1125 1181 et
1154 1142 1428 1195 particeps
1456 1143 1631 1185 fieret.
1669 1144 1720 1184 V.
1749 1145 1827 1198 III,
1856 1146 1948 1185 436.
1991 1143 2130 1199 Saepe
2157 1146 2267 1185 enim
2294 1147 2468 1199 partici-

195 1213 310 1266 pium
344 1213 549 1267 temporis
582 1213 821 1265 praesentis
858 1211 1048 1264 ponitur,
1095 1209 1164 1249 ubi
1201 1212 1430 1262 temporum
1477 1212 1585 1251 ratio
1623 1211 1806 1252 futurum
1845 1212 2039 1265 postulat.
2105 1212 2237 1263 Quam
2269 1212 2465 1267 loquendi

194 1283 402 1323 rationem
434 1281 641 1335 exemplis
674 1281 998 1321 illustraverunt
1030 1278 1217 1320 Mathiae
1253 1279 1329 1320 Gr.
1359 1276 1402 1332 S.
1430 1280 1526 1332 556,
1555 1280 1581 1318 7
1609 1283 1651 1319 et
1683 1279 1832 1320 Zeune
1865 1279 1918 1320 ad
1945 1280 2045 1334 vig.
2073 1292 2146 1333 pg.
2174 1281 2268 1320 344.

303 1351 354 1390 V.
382 1352 448 1389 26.
494 1347 717 1401 τέρπετο.
769 1348 839 1387 Ne
870 1347 970 1387 mihi
1003 1348 1046 1387 in
1079 1349 1202 1387 varia
1248 1348 1372 1388 huius
1414 1349 1536 1388 verbi
1565 1350 1877 1389 constructione
1904 1362 1996 1390 cum
2024 1349 2166 1390 dativo
2197 1353 2240 1390 et
2269 1350 2464 1403 genitivo

192 1416 473 1458 differentiam
501 1416 643 1469 illam,
673 1421 794 1468 quam
824 1413 1077 1455 Nitzschius
1114 1414 1240 1467 fecit,
1287 1425 1314 1454 a
1347 1418 1469 1467 poeta
1502 1419 1715 1456 servatam
1753 1420 1888 1469 putes.
1945 1417 2103 1468 Quodsi
2132 1418 2325 1471 exempla
2353 1417 2465 1471 apud

191 1485 458 1524 Passowium
490 1496 526 1523 s.
570 1495 612 1524 v.
654 1486 854 1523 annotata
886 1482 1239 1536 perlustraveris,
1269 1483 1453 1522 Homero
1492 1487 1708 1536 utramque
1746 1486 2094 1526 constructionem
2124 1487 2357 1538 promiscue
2386 1486 2465 1526 ha-

191 1551 319 1592 bitam
358 1562 458 1591 esse
485 1550 693 1591 invenies.
750 1548 869 1600 Quod
906 1549 960 1589 ad
995 1549 1105 1589 hunc
1140 1549 1273 1589 locum
1300 1551 1497 1604 pertinet,
1527 1552 1718 1604 equidem
1746 1552 1894 1591 videor
1930 1553 2029 1592 mihi
2057 1565 2183 1605 posse
2211 1553 2474 1607 contendere,

190 1613 382 1659 dati'vum
414 1617 529 1658 δαιτί
566 1630 659 1658 cum
685 1616 863 1669 τέρπετο
906 1618 1107 1670 coniungi
1139 1618 1277 1669 magis
1318 1630 1416 1659 esse
1444 1631 1498 1658 ex
1528 1620 1742 1661 Homerici
1770 1622 1978 1661 sermonis
2004 1622 2274 1674 proprietate.
2329 1621 2463 1662 Nemo

190 1687 305 1727 enim
339 1688 496 1740 nescit,
525 1698 651 1738 quum
679 1685 870 1725 omnibus
898 1685 1076 1725 Graecis
1104 1684 1401 1738 scriptoribus,
1429 1689 1513 1726 tum
1542 1687 1767 1739 praecipue
1795 1688 1978 1727 Homero
2011 1688 2206 1728 usitatum
2235 1699 2331 1728 esse
2359 1688 2465 1727 satis

190 1755 319 1796 multa
347 1755 569 1808 participia
598 1754 835 1793 sententiae
862 1754 923 1809 ita
949 1755 1140 1793 inserere
1167 1756 1239 1793 aut
1261 1752 1465 1807 adiicere,
1493 1757 1539 1793 ut
1557 1754 1716 1794 nullum
1743 1766 1885 1795 casum
1912 1753 2097 1795 additum
2125 1755 2317 1795 habeant.
2372 1755 2465 1796 Hoc

191 1823 313 1866 modo
348 1823 592 1864 sexcenties
630 1834 722 1861 cum
753 1821 851 1861 aliis
883 1821 1024 1861 multis
1053 1821 1179 1860 obvia
1210 1822 1284 1860 tibi
1315 1825 1459 1860 erunt:
1504 1823 1539 1867 ¹)
1567 1820 1758 1873 φέρων,
1800 1825 1843 1860 ut
1871 1818 1988 1872 ἔγχος
2019 1821 2094 1871 μὲν
2122 1819 2302 1873 ῥ’ἔστησε
2327 1823 2465 1875 φέρων

192 1896 213 1937 (
226 1893 352 1944 127),
381 1889 550 1943 χέρνιβα
569 1888 731 1938 ἐπέχευε
750 1888 944 1941 φέρουσα.
998 1896 1035 1935 2)
1063 1883 1218 1939 ἄγων,
1247 1892 1292 1928 ut
1311 1881 1435 1939 αὐτὴν
1453 1884 1532 1932 δ’ἕς
1551 1879 1703 1940 θρόνον
1720 1881 1826 1927 εἷσεν
1845 1881 1955 1939 ἄγων
1975 1890 2134 1942 (130),
2164 1901 2205 1929 v.
2224 1888 2274 1929 Il.
2295 1888 2461 1943 XXIII,

193 1960 291 2010 654,
318 1959 414 2010 662,
443 1959 538 1998 698.
595 1963 631 2003 ³)
659 1949 857 2008 ἀείρας,
885 1959 931 1995 ut
956 1953 1129 2000 πίνακας
1146 1952 1378 2008 παρέθηκεν
1395 1949 1543 2036 ἀείρας.
1596 1955 1634 2002 ⁴)
1663 1948 2109 2007 ἀπαμειβόμενος
2137 1960 2181 1996 ut
2208 1952 2282 2009 τῆν
2309 1951 2463 1997 δ’ἀπα-

195 2017 443 2076 μειβόμενος
461 2022 650 2077 προσέφη
682 2023 804 2070 (11.1
807 2025 965 2077 ,560).
997 2023 1032 2070 ⁵)
1059 2016 1310 2075 φωνήσας,
1336 2027 1382 2062 ut
1407 2023 1475 2063 καί
1501 2039 1573 2074 μιν
1590 2018 1706 2077 φωνί
1709 2038 1782 2069 σας
1806 2021 1904 2064 ἐπεα
1930 2018 2151 2077 προσηύδα.
2206 2032 2243 2072 6)
2271 2026 2370 2075 λαβ
2383 2040 2464 2071 ων

198 2097 242 2132 ut
269 2087 425 2143 ποιμὴν
452 2091 574 2142 φέρεν
600 2084 726 2130 πόκον
754 2084 890 2139 λαβων
919 2091 995 2136 (Il.
1024 2091 1125 2142 XII,
1155 2093 1274 2137 451).
1332 2089 1367 2137 ⁷)
1394 2087 1536 2139 ἔχων,
1565 2095 1610 2131 ut
1636 2086 1706 2136 οὕς
1733 2088 1936 2138 (ἵππους)
1971 2085 2097 2138 αὔτος
2123 2088 2224 2142 ἔχων
2250 2086 2465 2132 ἀτίταλλεν

199 2160 276 2206 (Il.
306 2158 469 2211 XXIV,
498 2160 623 2204 280).
680 2164 717 2204 8)
746 2156 921 2210 ῥέζων,
949 2161 994 2197 ut
1020 2156 1137 2210 χαρι”’3
1141 2171 1210 2197 ετο
1238 2152 1327 2210 ἱερὰ
1363 2155 1426 2209 ρέ,
1432 2172 1486 2196 ων
1514 2163 1584 2204 (v.
1628 2160 1720 2206 16).
1776 2157 1813 2205 ⁹)
1841 2151 1978 2205 ἔλων,
2006 2162 2051 2198 ut
2073 2152 2259 2211 Ὀδυσῆος
2288 2157 2465 2211 (γέρας)

195 2222 282 2277 α’ξω
336 2219 460 2267 ἑλων.
489 2226 593 2279 χειρὶ
622 2220 761 2266 δ’ἑλων
789 2224 926 2299 {alege
952 2224 1162 2278 βραχίοια.
1191 2225 1412 2281 (11.xv,1
1440 2230 1567 2281 610),
1597 2227 1649 2268 cs.
1679 2227 1865 2268 eiusdem
1884 2227 1981 2267 libri
2006 2239 2048 2267 v.
2075 2229 2156 2267 559
2180 2230 2223 2267 et
2248 2225 2450 2268 Od.VIlI
2347 2228 2465 2280 VIII,

197 2297 290 2337 436.
349 2300 401 2342 ¹0)
430 2287 571 2341 ἰδών,
612 2297 656 2334 ut
684 2288 729 2338 ὅς
756 2286 851 2333 τότε
879 2286 1098 2346 γηθησειεν
1126 2287 1224 2332 ἷδων
1252 2286 1385 2332 πόνον.
1413 2294 1488 2339 (ΙΙ.
1518 2276 1646 2348 XIII,
1675 2297 1800 2340 344).
1854 2295 1904 2333 In
1935 2294 2083 2346 quibus
2119 2294 2224 2334 locis
2256 2295 2466 2336 accusati—

198 2375 279 2402 vus
296 2362 350 2402 ad
371 2362 546 2402 verbum
574 2363 817 2414 primarium
846 2362 1065 2414 pertinens
1093 2361 1203 2412 apud
1235 2362 1495 2412 participium
1526 2363 1793 2415 intelligitur.
1848 2363 2038 2402 Posuit
2066 2362 2287 2414 hastam,
2326 2354 2465 2404 illam

198 2431 398 2469 serens.
455 2432 662 2470 Lances
703 2430 981 2482 apposuit,
1031 2432 1300 2480 postquam
1342 2440 1432 2469 eas
1460 2429 1702 2469 sustulit.
1770 2428 1931 2469 Eodem
1959 2428 2079 2469 modo
2113 2431 2302 2469 nostrum
2329 2429 2464 2470 locum

199 2497 272 2536 ibi
300 2497 390 2535 ille
433 2496 643 2549 quidem
685 2496 932 2536 convivio
975 2495 1378 2547 delectabatur,
1407 2497 1450 2535 ei
1479 2495 1732 2535 assidens
1759 2495 1941 2534 reddere
1984 2495 2134 2548 debes,
2181 2496 2467 2547 reddendique

199 2567 298 2605 sunt
326 2564 404 2605 loci
433 2565 653 2619 simillimi,
690 2567 725 2618 I,
752 2566 832 2605 339
858 2564 940 2604 τῶν
968 2562 1011 2603 ἓν
1044 2563 1089 2616 γε’
1124 2575 1242 2615 σφιν
1277 2557 1411 2601 ἄειδε
1449 2555 1708 2616 παρήμεν.·
1721 2576 1754 2608 ς.
1801 2564 1874 2614 IV,
1904 2564 1984 2602 738
2011 2561 2175 2615 Λαέρτῃ
2211 2556 2309 2602 τάδε
2335 2555 2468 2602 πάντα

197 2625 471 2686 παρεζόμενος
497 2632 710 2686 καταλέξῃ.
746 2634 862 2685 XIX,
890 2635 972 2673 589
998 2627 1038 2671 εἴ
1073 2630 1277 2676 κ’ἑθὲλοις
1303 2644 1407 2680 μοι,
1434 2632 1554 2680 ξεῖνε,
1587 2623 1891 2682 παρήμενος
1917 2627 1961 2669 ἐν
1980 2623 2216 2684 μεγάροισιν
2245 2628 2467 2682 τέρπειν.

198 2699 360 2741 Confer
396 2700 508 2752 XX,
549 2703 642 2741 334.
699 2700 805 2742 Sine
831 2700 972 2741 addito
1003 2711 1105 2741 casu
1134 2698 1349 2753 παρῆσθαι
1385 2699 1562 2750 positum
1592 2698 1669 2749 XI,
1696 2698 1791 2748 578,
1822 2697 1945 2750 XIII,
1974 2699 2074 2751 411,
2096 2697 2220 2748 XIV,
2247 2697 2341 2737 375.
2396 2696 2469 2737 Ad

197 2767 375 2808 eandem
409 2768 759 2808 constructionem
790 2767 1039 2809 referendus
1065 2770 1133 2808 est
1160 2766 1458 2806 vexatissimus
1487 2766 1560 2805 ille
1586 2776 1741 2805 versus
1761 2759 1848 2804 ἰ’σκε
1874 2756 2029 2817 ψεύδεα
2056 2757 2187 2804 πολλὰ
2213 2761 2339 2815 λέγων
2366 2757 2468 2804 ἐτύ-

194 2847 336 2886 μοισιν
364 2828 490 2885 ὁμοῖα
516 2835 667 2888 (ΧΙΧ,
693 2837 816 2883 203).
871 2837 937 2877 De
967 2847 1046 2889 quo
1084 2846 1169 2875 non
1207 2833 1475 2873 dubitandum
1514 2836 1636 2886 puto,
1685 2832 1783 2885 quin
1828 2836 2049 2885 commate,
2101 2831 2208 2885 quod
2255 2830 2464 2883 Wolfius,

197 2903 280 2942 nisi
308 2901 454 2955 fallor,
484 2902 645 2955 primus
674 2906 771 2954 post
798 2901 924 2953 λέγων
952 2903 1116 2955 posuit,
1147 2902 1308 2955 deleto,
1340 2903 1396 2941 ita
1432 2899 1709 2954 explicandus
1745 2901 1821 2940 sit:
1872 2902 2173 2947 Enarrans,
2215 2897 2470 2939 reddidit

198 2970 358 3009 multa
385 2969 658 3011 mendacia
687 2971 804 3010 veri
843 2971 1156 3011 consimilia.
1212 2970 1363 3022 Neque
1391 2970 1523 3022 igitur
1547 2971 1637 3019 est,
1680 2979 1754 3008 cur
1786 2980 1877 3009 cum
1904 2968 2158 3009 Buttmanno
2198 2964 2369 3011 (Lexil.
2410 2965 2469 3015 ΙΙ,
