2667 3345
345 333 462 394 ξυμ
500 327 695 391 ποιητική
719 333 813 378 ἐστι
841 268 1091 390 παρίσωσις.
1125 328 1281 389 πάρισα
1307 331 1386 391 γὰρ
1411 329 1460 376 τὸ
1484 318 1667 390 ὓρέσταο
1692 355 1749 366 --
1778 328 2010 387 Ἀτρείδαο,
2032 330 2189 387 ἤγουν
2197 292 2475 388 ὁμοωκαταλ-

283 457 286 459 .
324 398 385 459 ’ἦ
383 399 719 455 ὁμοιοτὲλευω,
744 405 865 445 cuius
907 406 976 444 rei
1004 398 1210 456 exempla
1228 405 1387 456 passim
1417 405 1529 457 apud
1570 405 1798 445 Homerum
1830 406 1929 443 sunt
1964 402 2114 456 obvia,
2146 415 2325 455 qnorum
2348 406 2478 446 multa

192 466 214 474 ⁴
229 472 383 525 'N‘at
402 471 572 511 Bernes
592 469 648 510 ad
668 469 763 512 -.(¹)d
785 471 905 523 XIV,
936 472 1026 511 199.
1081 470 1204 511 Unde
1221 471 1491 524 perspicumn
1515 473 1604 525 est,
1633 481 1740 523 quos
1756 479 1912 511 versus
1939 468 2136 523 modium,
2165 470 2274 521 quod
2297 472 2476 525 vocant,

201 547 378 590 avum,
405 536 625 578 Leoninou
649 547 1022 590 eos-nuncupans,
1056 536 1349 578 vehementer·
1365 538 1407 578 in
1433 536 1589 578 diliciis
1620 536 1830 590 habebat,
1851 547 1996 577 eorum
2027 535 2161 589 prima
2184 537 2373 591 vestigia
2388 537 2478 579 ian

203 603 249 645 in
283 603 468 645 Homero
496 605 692 658 reperiri.
747 605 867 645 Haec
885 608 1023 644 autem
1047 615 1141 658 res,
1178 605 1249 645 ubi
1270 606 1433 645 scilicet
1462 604 1672 645 voeabula
1693 599 1900 645 exn-emis
1923 602 2104 655 syllabis
2129 605 2402 644 consonantia
2433 606 2477 645 in

202 671 422 723 utrimque
448 672 703 714 hemistichii
729 672 812 711 fine
848 674 948 711 sunt
979 672 1145 725 posita,
1173 677 1296 724 quam
1327 672 1703 725 Kannegieoeerus
1729 670 1841 724 qiud
1858 670 2124 712 Nivzschimn
2141 670 2196 711 ad
2215 670 2256 710 h.
2272 670 2304 710 l.
2322 681 2480 725 magna

198 749 292 779 cum
319 749 423 779 cura
448 739 681 791 quaesitam
707 727 958 791 arbitratur,
987 749 1044 780 ex
1080 738 1253 780 fortuita
1280 741 1419 793 potius
1450 739 1653 781 eiusmodi
1691 739 1917 780 verborum
1943 737 2238 792 collocatione,
2270 747 2377 790 quae
2405 747 2479 778 ro-

201 804 319 845 tione
337 805 674 847 constructionis
706 808 824 845 arcte
850 804 963 845 inter
984 816 1042 845 se
1066 805 1316 861 cohaerent,
1354 807 1524 849 videtur
1550 818 1648 849 esse
1674 810 1781 847 orta.
1834 805 1956 857 Quod
1991 806 2216 858 praecipue
2252 804 2404 847 accidit
2434 806 2478 845 in

204 871 474 912 substantivo
501 873 676 923 eiusque
702 860 902 925 adiectis,
931 883 1037 923 quae
1071 876 1335 929 necessarie,
1378 875 1487 928 quod
1528 875 1573 915 in
1606 886 1731 915 casus
1758 872 1927 913 eosdem
1954 871 2131 924 cadunt,
2166 871 2289 913 finem
2325 872 2480 914 habent

204 938 395 979 similem.
452 938 613 981 Confer
638 939 863 990 μαλακοῖσι
879 961 937 970 -·
953 931 1114 991 λόγοισι
1150 953 1193 982 ν.
1232 944 1309 996 56;
1349 937 1481 982 οἴκοιο
1510 963 1567 974 --
1592 936 1806 994 ἡμετέροιο
1837 941 1945 993 31ης
1978 932 2181 992 Κρητάων
2208 961 2264 972 ·--
2289 932 2480 992 εὐρειάων

203 1003 324 1058 XIV,
354 1006 454 1059 1903
479 1003 764 1057 πασιμέλουσα
780 1028 837 1039 -—·
852 1004 1031 1048 πλέουσα
1062 1006 1163 1060 XII,
1192 1010 1266 1060 703
1304 1001 1542 1059 φωνήσαντε
1557 1027 1614 1039 ——·
1630 1001 1800 1056 ἀίξαντε
1817 1006 1972 1060 11.ν1,
1998 1008 2092 1046 m
2148 1006 2332 1057 Quorum
2361 1008 2481 1046 simi-

205 1070 265 1111 lia
288 1070 401 1124 apud
434 1075 586 1125 poetas
622 1072 813 1115 Graecos
840 1074 1103 1125 Latinosque
1130 1077 1228 1113 sunt
1258 1073 1449 1124 plurima.
1474 1094 1530 1104 —-
1557 1072 1677 1123 Quod
1704 1072 1758 1112 ad
1798 1084 1993 1124 sensum,
2031 1073 2280 1112 Eustathius
2310 1076 2480 1112 veteres

206 1138 466 1190 interpretes
494 1150 681 1190 sequens
709 1142 884 1191 exponit
914 1138 962 1186 ἐξ
983 1133 1161 1189 Ὀρέστου
1188 1136 1298 1183 τίσις
1332 1137 1542 1179 τουτέστιν
1568 1138 1778 1192 ἐκδίκησις
1800 1136 1916 1179 ἔσται
1942 1139 2018 1179 τοῦ
2042 1134 2249 1192 ’Λτρείὸου
2273 1134 2482 1191 Ἀγαμέμ-

205 1215 335 1249 νονος.
390 1198 527 1258 Vidit,
567 1207 613 1245 ut
647 1205 691 1245 1η
723 1208 868 1256 aperto
905 1206 994 1256 est,
1032 1207 1179 1242 nostro
1211 1204 1303 1244 loco
1331 1206 1535 1247 eiusmodi
1561 1206 1745 1259 genitivi
1773 1205 2035 1259 exemplum,
2074 1208 2119 1245 ut
2154 1206 2204 1245 Il.
2233 1205 2350 1259 XIV,
2380 1208 2480 1261 4833

205 1269 258 1310 n.
286 1270 434 1323 XXII,
460 1272 544 1311 333
568 1274 613 1310 et
643 1270 750 1310 alias
776 1270 968 1322 reperies
996 1269 1197 1323 cuiusque
1227 1283 1366 1325 usum,
1394 1271 1505 1325 apud
1543 1275 1691 1324 poetas
1711 1272 2058 1325 frequentiorem,
2088 1282 2209 1325 quam
2235 1269 2346 1325 apud
2382 1283 2480 1324 eos,

211 1337 283 1391 qui
314 1349 444 1390 prosa
462 1338 652 1378 oratione
680 1338 968 1391 seripserunt,
1004 1337 1220 1378 illustrant
1243 1338 1389 1379 Herm.
1426 1339 1482 1379 ad
1513 1340 1614 1393 vig.
1651 1351 1726 1392 pg.
1753 1341 1854 1393 878,
1884 1339 2104 1380 Thiersch.
2134 1338 2209 1379 Gr.
2239 1336 2283 1392 S.
2308 1340 2403 1392 20⁸,
2434 1340 2481 1392 13

208 1405 467 1459 Bernhardy
505 1404 631 1459 Synt.
671 1418 747 1459 pg.
787 1408 867 1446 166
900 1408 944 1446 et
973 1407 1063 1445 168.
1120 1403 1239 1456 Quod
1278 1408 1514 1448 structurae
1550 1418 1691 1461 genus
1727 1407 1851 1448 etiam
1877 1406 1989 1460 apud
2019 1407 2197 1447 Latinos
2224 1417 2301 1460 pro
2328 1413 2483 1460 magna

209 1474 431 1526 utriusque
457 1475 633 1527 linguae
661 1476 786 1515 etiam
826 1475 906 1515 hac
942 1475 986 1515 in
1022 1486 1071 1516 re
1107 1475 1402 1516 convenientia
1442 1475 1510 1515 hic
1540 1474 1639 1515 inde
1678 1473 2058 1527 deprehendimus,
2102 1474 2161 1514 nti
2197 1472 2320 1514 docet
2347 1472 2484 1514 Rudi-

209 1552 390 1583 mnnus
417 1541 524 1582 Inst.
554 1541 630 1582 Gr.
658 1542 752 1582 Lat.
781 1554 856 1595 pg.
884 1543 978 1582 421.

320 1606 374 1649 V.
394 1610 461 1649 41.
500 1607 720 1660 Quando
749 1621 850 1651 non
870 1609 1033 1651 solum
1051 1609 1326 1664 pubuerit,
1356 1607 1457 1649 sed
1484 1607 1637 1648 etiam
1657 1607 1885 1661 patriam
1903 1608 2110 1647 terram
2129 1606 2482 1648 desiderabit.

209 1674 316 1717 cnm
334 1679 532 1729 respectu
552 1676 606 1717 ad
626 1676 819 1717 futurum
837 1674 1055 1724 (ἔσσεται)
1082 1679 1267 1717 aoristus
1293 1669 1482 1731 (ἡβήσῃ)
1502 1675 1654 1715 factum
1673 1676 1967 1728 praeteritum,
1996 1685 2205 1727 praesens
2224 1672 2452 1725 (ἱμείρεται
2464 1680 2485 1720 )

212 1754 319 1783 vero
345 1743 388 1782 id
401 1772 413 1796 ,
442 1744 551 1796 quod
588 1744 736 1785 eodem
762 1744 809 1784 fit
835 1747 1043 1798 tempore,
1072 1744 1241 1786 indicat.
1296 1744 1499 1786 Defendit
1522 1746 1745 1798 praeterea
1770 1747 1957 1784 nostram
1985 1744 2187 1785 rationem
2214 1742 2333 1784 locus
2351 1741 2487 1783 8111111-

211 1808 336 1851 limus
360 1810 419 1864 Π,
447 1812 530 1853 357
558 1814 601 1852 et
624 1813 705 1852 58:

533 1877 722 1932 ἑσπέριος
750 1878 826 1933 γὰρ
854 1874 959 1931 ε’γών
984 1872 1321 1932 αἱρήσομαι,
1360 1872 1514 1920 ὁππότε
1550 1892 1617 1918 κεν
1652 1873 1703 1931 δὴ

536 1937 672 1998 μήτηρ
699 1943 747 1986 ἐσ
771 1940 919 1999 ὑπερῷ’
945 1939 1143 1999 ἀναβῇ,
1179 1944 1321 1986 κοίτου
1348 1959 1393 1986 τε
1417 1944 1668 2006 μέδῃται.

322 2023 375 2064 V.
405 2026 470 2066 43.
516 2017 698 2080 ἀθρόα
724 2019 891 2074 πάντ’,
929 2028 1097 2069 omnia
1125 2027 1350 2080 omnino,
1379 2026 1475 2067 olle&
1506 2024 1780 2078 inegesammt
1814 2029 1859 2064 ut
1890 2025 1946 2078 Π,
1975 2027 2069 2077 356,
2097 2028 2198 2065 410·
2236 2038 2288 2063 τα
2314 2018 2487 2077 δ’ἆθρόα

215 2083 350 2130 πάντα
386 2088 1971 2141 τετύχθω..

324 2159 375 2199 V.
405 2162 472 2200 44.
518 2160 717 2202 Minerva
754 2161 901 2214 procul
938 2163 1048 2203 omni
1080 2162 1206 2204 dubio
1241 2174 1325 2204 non
1366 2164 1571 2215 quatenus
1604 2165 1672 2203 est
1707 2161 1809 2217 dea,
1853 2157 2169 2215 γλαυκῶπις
2195 2171 2221 2200 a
2258 2163 2381 2214 poeta
2408 2171 2488 2200 vo-

216 2225 360 2279 cetur,
390 2232 513 2279 quam
551 2228 604 2268 ol)
630 2238 798 2268 causam
826 2231 922 2282 post
948 2221 1029 2272 θεά
1056 2229 1393 2283 interpunctione
1414 2229 1576 2271 minore
1602 2227 1947 2284 distinguendum
1973 2227 2154 2268 videtur.
2208 2227 2325 2267 Idem
2350 2228 2488 2267 omni-

218 2290 297 2331 bus
325 2291 368 2331 111
400 2292 506 2333 locis
533 2293 770 2334 faciendum
798 2304 896 2335 esse
933 2307 1107 2352 censeo,
1154 2296 1225 2336 ubi
1266 2307 1381 2336 more
1418 2297 1640 2338 Homerico
1674 2297 1935 2351 angustioris
1976 2294 2298 2349 significatIonis
2338 2304 2488 2334 nomen

216 2357 356 2414 altorff,
384 2359 576 2401 latiorem
594 2362 680 2401 vim
700 2361 884 2416 habenti,
905 2362 1143 2416 subiicitur,
1172 2364 1218 2404 ut
1235 2354 1407 2416 πατρός,
1435 2354 1539 2409 Δίος
1557 2354 1773 2417 αἰγιόχοιο.
1805 2360 2070 2416 Πανθοίδην,
2104 2353 2343 2414 ἀγαπήνορα
2366 2362 2490 2401 Που-

219 2417 457 2474 λῡδάμαντα
491 2428 570 2473 (ΙΙ.
599 2429 721 2481 XIII,
757 2431 839 2468 ⁷56
849 2434 883 2475 ).
937 2422 1037 2476 θεά,
1077 2429 1200 2474 Θέτις
1235 2422 1510 2482 ἇργιίρόπεζα.
1545 2423 1771 2483 Ἀτρείδης,
1809 2423 2050 2483 εὖρυκρείων
2081 2421 2358 2480 Ἀγαμέμνων.
2387 2418 2490 2474 θεά,

222 2485 462 2541 λευκώλενος
480 2486 615 2549 “Ηρη.
650 2487 822 2549 πατρός,
848 2493 1082 2551 ἐρισθενέος
1106 2495 1342 2551 Κρονίωνος
1366 2495 1509 2552 (VIII,
1536 2497 1656 2546 289).
1700 2487 1817 2551 τόνγε
1842 2488 2014 2544 ἄνακτα,
2048 2486 2235 2535 ποδώκεα
2273 2488 2490 2545 Πηλείωνα

223 2557 308 2603 (Π.
344 2559 511 2614 XXIII,
547 2563 632 2609 35)
675 2566 737 2616 et,
780 2562 930 2603 ordine
964 2566 1143 2617 mutato,
1180 2564 1282 2616 Ζηνὶ
1316 2563 1558 2617 κελαινεφέϊ,
1593 2563 1775 2618 Κρονίδῃ
1812 2559 2268 2619 (ΙΧ,552).Ρ1111·11
2298 2559 2491 2613 exempla

223 2635 450 2666 recensere
487 2630 765 2683 supersedeo,
804 2631 913 2683 quod
946 2631 1020 2670 illa
1059 2631 1213 2684 ubique
1240 2628 1465 2673 Homerum
1492 2632 1654 2686 legenti
1690 2635 1790 2672 sunt
1816 2631 1955 2672 obVIa.
2008 2627 2119 2670 Illud
2155 2634 2325 2671 monere
2354 2626 2488 2681 lubet,

225 2691 450 2745 Wolfium,
478 2695 639 2749 virum,
666 2698 732 2739 cui
759 2697 969 2738 Homerus
997 2700 1180 2752 tantum,
1220 2702 1414 2751 quantum
1445 2701 1623 2754 nemini,
1653 2697 1797 2752 debet,
1826 2699 1870 2740 in
1903 2685 2106 2740 eiusmodi
2138 2696 2244 2737 locis
2269 2696 2490 2749 interpun-

223 2759 382 2813 gendis
400 2771 428 2802 a
447 2773 495 2802 se
514 2762 606 2815 ipso
631 2766 789 2817 passim
813 2766 1064 2808 descivisse.
1121 2765 1300 2821 Confer,
1329 2767 1448 2809 verbi
1476 2778 1625 2822 causa,
1653 2766 1704 2808 11.
1731 2764 1854 2820 XIII,
1886 2768 1964 2808 112
1990 2776 2081 2807 cum
2107 2762 2275 2805 756.-
2302 2761 2368 2803 De
2384 2771 2491 2802 voce

226 2826 548 2880 γλαυκῶπις
581 2831 698 2870 multi
726 2832 841 2872 multi
875 2832 1069 2887 fuerunt3
1105 2844 1212 2885 quae
1249 2844 1323 2873 res
1358 2833 1474 2888 facit,
1511 2838 1557 2875 ut
1588 2833 1814 2875 lectoribus
1849 2834 1978 2875 rebus
2014 2830 2200 2885 cognitis
2241 2827 2491 2882 aliundeque

228 2894 392 2935 haustis
429 2896 681 2950 obstrepere
721 2910 805 2938 non
837 2899 1011 2939 audeam
1052 2899 1177 2953 idque
1219 2912 1270 2940 eo
1297 2901 1455 2955 minus,
1498 2914 1621 2955 quum
1655 2902 1797 2942 Lucas
1837 2901 1881 2941 in
1919 2898 2134 2953 singulari
2170 2895 2490 2945 dissertatione,

228 2973 349 3016 quam
376 2964 596 3018 superiore
623 2976 735 3008 anno
761 2967 937 3008 Bonnae
964 2966 1117 3022 edidit,
1155 2966 1208 3008 de
1246 2967 1369 3008 huius
1396 2969 1516 3010 vocis
1542 2967 1808 3011 derivatione
1835 2970 1880 3008 et
1914 2964 2156 3020 significatu
2192 2965 2312 3004 acute
2349 2964 2391 3002 et
2418 2970 2491 3001 co-
